3108 5126
613 329 654 436 at

95 539 170 610 112.
263 539 336 604 Hac
361 538 463 604 classe
487 539 623 622 triginta
647 537 789 624 quinque
807 537 985 622 composita
1006 537 1223 622 continentur,

46 670 136 732 quae
168 645 348 712 litterarum
384 645 497 710 ordine
531 643 739 710 enumerabo.
783 643 969 709 Duodecim
1000 643 1122 710 hahent
1153 645 1223 709 loco

50 752 232 838 posteriore
257 749 466 834 adiectivum,
491 749 609 835 viginti
632 749 694 814 tria
718 750 936 836 participium.
984 748 1117 815 Illorum
1145 750 1224 816 duo-

47 859 158 922 decim
184 855 415 922 vocabulorum
434 867 505 920 octo
530 877 646 920 avoce
662 881 721 924 παν
744 855 914 940 incipiunt,
938 854 1111 941 reliquam
1129 865 1221 942 quat·

46 977 122 1029 tuor
147 963 295 1028 diversas
319 985 416 1028 voces
434 961 635 1029 dividuntur.
683 961 805 1044 Quinta
826 971 950 1026 tantum
977 964 1115 1049 parslh)
1139 985 1224 1027 com-

46 1071 237 1156 positorum,
270 1092 354 1155 quae
379 1069 588 1154 participium
620 1068 690 1132 loco
715 1069 892 1154 posteriore
916 1069 1086 1154 praebent,
1122 1091 1223 1137 υπαν

47 1177 175 1261 incipit,
209 1175 305 1240 tertia
337 1176 385 1259 (8)
410 1197 429 1240 a
452 1181 541 1258 πολυ,
575 1174 700 1261 reliqua
733 1176 802 1264 (10)
832 1175 864 1238 in
900 1176 1043 1260 quinque
1077 1175 1224 1240 diversas

45 1282 176 1367 priores
199 1289 310 1367 partes
334 1290 557 1348 secernuntur.

156 1390 197 1454 A.
265 1387 449 1452 Membrum
472 1387 633 1472 posterius
656 1387 853 1452 adiectiuom
877 1396 935 1452 est.

265 1495 297 1579 l)
320 1499 584 1582 βαθυχαῖος
609 1495 659 1579 (x)
683 1492 716 1558 S.
742 1495 818 1558 870.

155 1600 255 1666 schol.
281 1607 470 1689 βαθυχαῖος·
494 1602 672 1691 ἡμεγάλως
696 1599 827 1689 εὐγενής.
859 1609 933 1690 χάοι
955 1607 1012 1687 γὰρ
1039 1601 1066 1668 οἱ
1090 1599 1226 1686 εὐγενεῖς,

156 1707 341 1794 Hesychius
364 1717 465 1796 χαιός·
491 1709 623 1791 ἀγαθός.

159 1813 321 1899 aristoph.
339 1813 419 1903 Lys.
437 1817 490 1882 91.
514 1815 592 1904 χαΐα
616 1822 663 1882 ναὶ
680 1823 720 1881 τὼ
737 1821 803 1892 ord),
828 1815 982 1903 Κορινθία
1005 1810 1032 1892 ,δ’
1050 1815 1099 1882 αὖ.
1125 1815 1225 1882 schol.

43 1924 112 1987 ἀντὶ
138 1932 190 1988 τοῦ
216 1923 333 2009 ἀγαθή.

161 2025 241 2092 ibid.
260 2027 356 2091 1157.
380 2027 459 2096 ohne
482 2028 598 2112 γυναῖκ’
624 2031 732 2096 ὄπωπα
756 2036 939 2118 χαῖωτὲραν.
972 2027 1071 2093 schol.
1097 2031 1226 2115 ἀγαθω-

44 2143 153 2220 τὲραν.
178 2134 220 2196 cf.
237 2131 456 2198 Vanicekium
480 2156 512 2220 p.
530 2134 615 2199 378:
640 2161 736 2223 χα-το
760 2139 884 2224 χατ-Ῐο
908 2136 963 2222 (cl.
988 2139 1221 2226 φίλος-φίλιος).

44 2262 212 2329 χα-ο-το-ς
236 2264 336 2328 χατος.
708 2267 711 2272 ’

157 2345 240 2411 Cum
265 2345 455 2432 Supplicum
479 2368 593 2411 versus
618 2349 693 2429 860,
719 2348 830 2434 quiin
856 2347 991 2434 stropha
1022 2347 1132 2414 versui
1157 2348 1223 2414 870

49 2451 251 2539 respondeat
274 2473 407 2518 necesse
432 2462 489 2536 est,
514 2453 602 2518 haud
626 2475 764 2539 parvam
789 2455 998 2518 offensionem
1015 2453 1146 2537 habeat,
1172 2454 1226 2518 de-

44 2583 183 2626 cernere
208 2561 389 2647 nequimus,
414 2572 521 2626 utrum
546 2567 722 2651 βαθυχαῖος
746 2583 788 2626 an
812 2569 988 2651 βαθυχαῖος
1014 2562 1225 2627 scribendum

42 2670 96 2733 sit.
146 2666 211 2732 Sed
235 2667 464 2753 Aristophanis
489 2667 640 2753 exempla
664 2669 800 2733 intuenti
823 2670 928 2734 forma
945 2676 1121 2760 βαθυχαῖος
1145 2671 1224 2734 mihi

41 2773 254 2840 verisimilior
278 2789 335 2840 est.

262 2885 296 2965 2)
320 2887 709 2962 δοσοδοπαῖπαλος
733 2888 783 2970 (x)
806 2883 845 2952 Ε.
870 2886 945 2952 390.

39 2988 146 3054 schol.
177 2993 396 3077 δυοπαράβατα
430 2997 483 3058 καὶ
506 2999 632 3079 τραχέα.
679 2989 1022 3078 tcoosoethucyd.1
1048 2993 1118 3057 107.
1143 2991 1223 3059 Poll.

45 3092 101 3159 III
127 3095 181 3175 96,
205 3100 358 3171 παίπαλος
383 3093 510 3161 Gallim.
535 3093 658 3182 Hymn.
683 3096 715 3158 in
739 3097 882 3160 Dianam
906 3117 938 3162 v.
965 3099 1028 3162 194
1051 3095 1181 3180 legitur.

261 3201 295 3281 3)
319 3202 559 3287 ὀρθοδίκανος
584 3204 633 3287 (x)
657 3201 694 3267 E.
719 3205 794 3268 995.

261 3313 295 3388 4)
318 3313 542 3396 παναλαθής
566 3307 599 3372 S.
626 3308 677 3374 88.

261 3415 296 3499 ὁ)
319 3418 527 3490 πανάθλτος
552 3413 611 3479 Oh.
636 3415 711 3480 427.
736 3416 810 3482 691.

262 3521 295 3600 6)
318 3528 520 3596 παναίτιος.
545 3521 586 3585 A.
612 3521 707 3586 1487.
732 3519 807 3603 (Oh.
832 3524 921 3600 909.)
945 3522 982 3587 Ε.
1008 3523 1083 3588 200.

154 3624 213 3692 Oh.
231 3627 295 3691 909
320 3625 591 3712 Clytaemnestra,
615 3635 650 3690 ut
671 3647 705 3690 se
723 3629 978 3710 Agamemnonis
996 3628 1107 3693 caedis
1125 3629 1222 3714 culpa

41 3744 172 3818 purget
195 3730 317 3816 filiique
341 3731 472 3796 veniam
496 3733 656 3818 impetret,
682 3733 836 3798 affirmat:

283 3839 303 3928 ἡ
328 3840 430 3926 Μοῖρα
453 3846 575 3917 τουτων,
600 3841 624 3905 ὦ
648 3848 763 3917 τέκνον,
787 3848 973 3927 παραιτία.

155 3943 363 4010 Adiectivum
397 3953 566 4032 παραίτιος,
606 3967 680 4010 cum
715 3945 803 4030 apud
840 3947 1014 4032 scriptores
1054 3948 1222 4032 pedestres

33 4051 261 4138 posteriorum
285 4059 410 4115 tantum
434 4061 617 4137 temporum
640 4050 769 4136 legatur
794 4062 825 4116 et
857 4054 974 4142 ,socius
998 4055 1085 4120 faoti’
1123 4055 1222 4140 signi·

34 4163 120 4223 ticet
145 4195 188 4206 -
212 4179 310 4242 quam
346 4158 509 4223 notionem
541 4159 573 4222 in
600 4159 705 4225 locum
729 4159 949 4248 Aeschyleum
979 4161 1110 4226 minime
1144 4185 1222 4248 qua-

32 4267 147 4329 drare
171 4262 203 4326 in
227 4263 400 4348 propatulo
417 4274 475 4348 est,
500 4265 653 4350 quoniam
671 4264 932 4352 Clytaemnestra
949 4289 1075 4331 omnem
1092 4268 1223 4353 culpam

33 4373 130 4436 Fato
155 4368 299 4433 tribuere
324 4370 393 4433 vult
419 4409 469 4453 —,
494 4371 629 4435 Bothius
654 4372 773 4456 optime
798 4373 829 4435 in
854 4382 1043 4452 παναίτιος
1070 4377 1222 4443 correxit.

158 4475 251 4538 Idem
275 4477 389 4540 vitium
414 4477 645 4560 corrigendum
669 4499 739 4541 esse
769 4500 885 4543 censeo
910 4480 1029 4548 Aesch.
1058 4481 1144 4565 frag.
1168 4483 1222 4566 43,

30 4582 134 4671 quod
164 4582 207 4646 ab
232 4583 400 4647 Athenaeo
426 4584 512 4648 XIII
543 4607 574 4670 p.
600 4585 665 4650 000
693 4586 723 4649 Α
752 4585 798 4648 ita
821 4587 978 4651 traditum
1006 4598 1072 4653 est:
1114 4593 1222 4672 (καὶὸ
