3108 5126
622 384 660 444 lo

48 575 200 642 herleitet
234 576 301 640 und
336 573 439 640 durolr
474 575 623 659 religiose
647 575 751 640 Mittel
782 599 821 640 zu
856 563 980 640 subnen
1012 575 1114 640 suobt.
1162 573 1230 638 Die

50 691 160 746 ersten
183 685 301 746 Aerzte
326 682 398 745 sind
424 683 476 746 die
494 681 627 748 Weisen
652 682 709 746 des
733 681 868 766 Vollres¹
893 681 946 746 die
961 681 1112 748 Priester.
1144 681 1226 743 Des-

50 789 129 853 halb
154 789 239 852 steht
262 787 315 853 die
331 787 520 852 Heilkunde
546 789 598 852 bei
623 788 708 854 allen
725 788 869 854 Vblkern
896 789 954 852 des
978 811 1103 872 grauen
1119 786 1224 850 Alter-

49 909 148 982 tumS‚
182 897 279 960 sowie
303 896 356 960 bei
389 881 504 978 denen,
539 896 591 960 die
624 895 693 961 sioh
725 895 809 962 noeb
839 897 920 980 jetzt
951 897 994 958 im
1017 893 1226 958 Urzustande

50 1003 258 1068 beobaohten
294 1001 411 1086 Iessea,
446 1003 479 1065 in
514 1003 572 1068 der
608 1003 770 1085 innigsten
804 1001 1023 1086 Verbindnng
1060 1001 1116 1064 mit
1152 1001 1227 1064 dem

50 1111 227 1193 religldsen
252 1109 401 1192 Kultusss

99 1220 141 1281 A.
170 1218 265 1282 1623.

272 1327 382 1410 δεσμὸς
406 1327 437 1388 δὲ
460 1331 513 1390 καὶ
536 1331 569 1390 τὸ
593 1337 690 1413 γῆρας
715 1325 751 1390 αἶ
770 1350 801 1389 τε
825 1327 959 1412 νήστιδες

270 1434 338 1496 δίκαι
363 1433 512 1497 διδάσκειν
536 1432 723 1519 ἐξοχώταται
748 1445 862 1520 Ιγιρενιῖιν

270 1537 489 1626 ἰατρομάντεις.

163 1640 347 1708 Membrum
372 1645 531 1728 posterius
555 1646 622 1708 fere
646 1643 769 1710 nullam
797 1643 918 1708 babere
949 1643 1017 1706 vim
1047 1645 1080 1706 in
1110 1665 1234 1728 propa--

55 1750 122 1814 tulo
148 1759 205 1816 est.
744 1757 747 1764 '
905 1745 909 1753 '
1009 1767 1010 1770 ’

165 1855 265 1922 Ali-ud
291 1880 418 1944 quoque
439 1859 483 1922 .in
509 1860 685 1944 composito
709 1861 913 1947 ζἰατρόμαντις
946 1859 1143 1922 monendum
1171 1865 1232 1922 est,

57 1965 224 2048 Legitima
248 1965 333 2028 enim
350 1966 519 2050 compositi
541 1965 781 2029 determinativi
804 1965 1024 2030 membrorum
1048 1965 1164 2050 positio
1178 1987 1229 2028 ‘ea
1268 2033 1273 2039 ,

57 2083 117 2153 est,
140 2081 176 2136 ut
199 2071 233 2134 id
250 2072 440 2156 membrum,
465 2095 527 2158 quo
542 2069 678 2136 alterum
695 2072 939 2156 determinatur,
965 2072 1106 2157 priorem
1122 2071 1229 2136 looum

58 2179 215 2244 obtineat.
270 2179 332 2243 (tui
355 2178 420 2263 legi
445 2179 552 2242 omnia
576 2179 641 2244 alia
665 2179 759 2243 huius
784 2177 896 2244 elassis
921 2177 1073 2264 exempla
1096 2201 1229 2264 respon·

59 2285 148 2352 dent.
174 2288 355 2367 (άστόξτνος,
380 2293 415 2349 ut
438 2285 623 2371 exemplum
648 2287 793 2368 afferam,
819 2295 866 2351 est
890 2289 983 2362 ξένος,
1006 2285 1061 2370 qui
1086 2283 1231 2370 quadam

60 2414 102 2454 ex
126 2400 221 2475 parte
245 2393 336 2468 ἀστός
360 2413 488 2476 quoque
513 2399 586 2475 est.)
633 2391 697 2456 Sed
722 2393 788 2456 iam
811 2391 936 2454 Justius
960 2389 980 2455 l.
1007 2413 1034 2456 o.
1061 2413 1092 2475 p.
1119 2391 1160 2456 89
1184 2413 1231 2475 sq.

61 2497 188 2562 docuit:

172 2606 254 2690 „Die
279 2605 396 2669 beiden
414 2605 627 2670 Substantiva
643 2605 775 2670 kbnnen
799 2605 867 2670 ihre
885 2603 1033 2686 Stellung
1049 2602 1230 2668 weohseln“

61 2735 168 2798 neque
192 2713 370 2797 prudenter
400 2713 478 2776 mihi
504 2712 669 2777 Gustavus
693 2712 847 2800 Meyerus
873 2712 909 2776 O.
935 2711 980 2776 St.
1007 2711 1036 2774 V
1061 2733 1092 2796 p.
1119 2711 1136 2776 ’ἵ
1162 2733 1232 2796 sqq.

61 2821 178 2884 feoisse
202 2820 343 2902 ¹videtur,
377 2842 451 2884 oum
474 2819 616 2884 Justium
645 2819 793 2884 refellere
817 2820 962 2883 studeret
985 2828 1016 2881 et
1038 2819 1233 2905 ἰατρόμαντις

64 2949 194 3013 quoque
234 2927 361 2992 solitam
394 2928 585 3012 positionem
625 2927 746 2992 babere
783 2913 1007 3006 oontenderet3
1041 2927 1233 3012 ὶατρόμαντιν

63 3036 147 3098 enim
182 3057 251 3098 esse
285 3034 428 3098 maxime
452 3041 565 3123 μάντιν,
595 3035 650 3120 qni
674 3033 817 3120 quadam
843 3057 885 3096 ex
909 3044 1003 3118 parte
1026 3033 1130 3118 ἰατρός
1155 3053 1232 3116 quo·
1326 3077 1328 3082 ·

63 3165 127 3228 que
152 3151 244 3206 esset.
271 3141 357 3205 Satis
381 3142 447 3204 iarn
469 3164 569 3227 supra
585 3141 766 3205 ostendisse
790 3140 869 3203 mihi
893 3139 1017 3221 videor,
1042 3125 1132 3222 prius
1149 3159 1235 3202 oom-

64 3249 163 3334 positi
186 3249 368 3312 membrum
391 3251 494 3336 ἰατρός
519 3249 587 3312 fere
604 3270 732 3312 omnent
748 3245 870 3312 habore
891 3247 968 3328 vim,
986 3267 1059 3308 oum
1077 3243 1240 3330 posterius·

63 3355 146 3420 illud
173 3353 342 3440 paululum
367 3355 570 3420 determinet.
1047 3358 1049 3362 ’

283 3466 315 3546 l)
340 3473 661 3552 ματροκασιγνήτη
686 3465 736 3548 (x)
760 3461 798 3526 E.
824 3461 900 3528 963.

172 3571 293 3634 Furiae
317 3578 511 3656 precantur:
536 3573 560 3637 ὡ
584 3571 698 3656 Μοῖραι
722 3582 1009 3657 ματροκασιγνῆται.

173 3676 416 3742 Vocabulorum
439 3685 718 3764 πατροκασίγνητος
744 3675 898 3763 ‘patruus'
924 3684 958 3754 et
974 3681 1239 3760 ματροκασιγνήτη

68 3787 188 3874 ¹amita’
215 3785 369 3869 analogia
392 3799 668 3874 ματροκασιγνῆται
692 3782 771 3846 nibil
795 3780 885 3846 aliud
916 3780 1102 3862 signifioare
1135 3787 1241 3863 potest

64 3894 141 3976 nisi,
168 3893 289 3981 ‘matris
323 3893 471 3980 sorores,
504 3891 634 3954 minime
675 3898 783 3954 autem
816 3901 1004 3976 ίκασιγνήται
1036 3884 1244 3974 ὁμομήτριαιᾈ.

4 4084 8 4090 ι
65 4011 101 4066 ut
127 3999 166 4066 O.
190 3999 365 4064 Muellerus
391 4000 605 4084 compositum
629 3995 798 4082 explicare
822 3994 934 4061 voluit.

177 4107 259 4172 Cum
284 4105 340 4170 illa
364 4107 505 4190 notione,
536 4103 748 4193 ‘materterae’
789 4101 909 4186 optime
948 4098 1131 4164 reverentia
1167 4120 1245 4160 oon·-

67 4216 168 4301 grnit‚
193 4238 258 4300 qua
282 4215 402 4278 Furiae
426 4213 548 4277 Parcus
573 4212 811 4296 imprecantur3
836 4231 920 4294 quoe
945 4205 1044 4270 multo
1069 4204 1184 4268 melius
1208 4203 1243 4265 in

67 4331 262 4388 materteras
287 4343 385 4407 quam
409 4321 442 4384 in
468 4339 593 4383 sorores
612 4317 716 4384 'eadit

177 4429 302 4492 Dicunt
328 4429 430 4496 enim:
