3108 5126
878 374 1013 442 14.

314 572 395 643 ξενος
419 561 733 632 scribendmn'esse.
780 567 939 634 Omnibus
964 571 1047 634 enim
1079 568 1167 652 lociS,
1204 571 1336 656 quibus¹
1357 591 1481 654 compo-

313 676 410 738 situm
433 674 562 759 legitur,
598 697 709 740 ornnes
734 676 863 740 codices
888 703 905 742 n
928 677 1098 762 praebent,
1134 699 1197 740 uno
1234 677 1305 740 loco
1339 683 1482 760 excepto,

314 781 427 866 Eurip.
451 781 609 848 Androm.
634 785 700 849 979
730 784 815 847 enim
851 785 883 848 in
917 783 1029 848 codice
1056 783 1203 848 Palatino
1235 784 1298 850 287
1335 787 1482 871 δορίξενος

314 889 489 954 invenitur.
536 891 580 954 At
603 889 678 954 huic
702 890 784 955 libro
809 914 924 976 parurn
949 891 1153 956 auctoritatis
1178 901 1234 958 cst.

529 999 562 1076 o)
586 998 850 1085 ἰατρόμαντις
874 999 1024 1063 Alana.
1049 997 1087 1062 Ε.
1112 999 1164 1062 62.
1190 997 1223 1062 S.
1249 999 1324 1063 269.

422 1101 516 1166 Aba
540 1103 573 1165 in
598 1105 774 1188 composito
799 1104 987 1189 posterioris
1011 1103 1147 1168 membri
1172 1105 1258 1168 notio
1284 1103 1380 1170 valde
1397 1104 1482 1168 debi-

314 1207 408 1271 litata
431 1215 488 1272 est.

422 1312 506 1377 Nam
531 1314 571 1378 de
595 1314 746 1400 Apolline
771 1317 908 1382 dicitur:

527 1423 720 1509 ἰατρόμαντις
745 1423 770 1486 δ’
796 1425 858 1489 ἐστὶ
881 1431 933 1492 καὶ
956 1434 1144 1510 τερασκόπος

528 1537 581 1596 καὶ
603 1545 695 1598 τοῖσιν
719 1532 828 1606 ἄλλοις
852 1535 999 1618 δωμάτων
1022 1538 1205 1617 καθάρσιος.

423 1635 521 1716 Quod
544 1636 610 1700 iam
634 1636 802 1721 compositi
827 1647 921 1720 parte
937 1637 1115 1721 posteriore
1138 1637 1332 1719 continetur,
1357 1657 1483 1720 separa·

224 1739 228 1743 ’
315 1740 373 1804 tim
398 1764 525 1827 quoque
553 1741 714 1806 vocabulo
747 1753 933 1829 τερασκόπος
964 1743 1176 1828 exprimitur;
1216 1763 1279 1828 quo
1307 1741 1483 1806 membrum

317 1887 360 1896 -
384 1873 489 1935 μαντις
513 1850 581 1913 fere
606 1849 728 1914 nullam
752 1852 818 1912 virn
842 1849 963 1913 habere
987 1854 1066 1914 satis
1091 1860 1239 1934 apparet.

424 1957 465 2021 cf.
497 1956 619 2020 schol:
659 1958 745 2035 ὥστε,
776 1958 801 2022 εἰ
836 1964 1003 2043 θεραπείας
1036 1966 1136 2046 χρεία,
1160 1959 1263 2043 ἱατρός
1288 1957 1376 2034 ἐστιν,
1409 1959 1439 2021 εί
1459 1982 1484 2019 τε

320 2070 473 2149 μαντείας,
498 2074 695 2148 τερασκόπος,
725 2067 803 2130 εἴτε
827 2070 1011 2150 καθαρμῶν,
1035 2070 1219 2150 καθάρσιος.

425 2169 457 2234 S.
482 2172 561 2236 269:

526 2277 619 2354 Ἃπις
643 2285 701 2366 γὰρ
725 2281 829 2346 ἐλθὼν
851 2281 984 2366 ἐκπέρας
1009 2281 1210 2356 Ναοπακτίας

529 2385 723 2472 ἰατρόμαντις
747 2399 817 2460 παῖς
842 2385 1051 2460 Ἀπόλλωνος.

424 2489 489 2553 Ηίο
513 2513 641 2576 quoque
665 2491 846 2555 membrum
871 2492 960 2576 prius
985 2491 1083 2554 valde
1116 2492 1378 2576 praeponderat3
1415 2511 1484 2553 nam

319 2596 397 2680 Apis
422 2597 554 2680 proprie
582 2597 727 2661 medicus
752 2611 810 2662 est,
842 2599 909 2664 vid.
943 2625 974 2665 v,
1000 2599 1074 2664 267.
1122 2597 1275 2662 Attamen
1310 2597 1485 2660 membrum

318 2705 478 2787 posterius
503 2704 567 2766 rirn
592 2725 685 2768 suain
710 2727 773 2768 non
797 2705 894 2790 plane
918 2706 1034 2770 amisit.
1081 2704 1149 2769 Illis
1174 2705 1259 2768 enim
1289 2704 1485 2789 temporibus

317 2810 435 2874 medici
474 2810 619 2875 divinum
651 2811 817 2896 quoddam
848 2811 1026 2894 habebant,
1056 2811 1166 2897 aliqua
1202 2835 1244 2874 ex
1274 2819 1367 2895 parte
1398 2823 1485 2874 vates

319 2928 422 2981 erant.
448 2919 488 2982 cf.
514 2917 603 2982 Eust.
629 2941 660 3003 p.
685 2919 728 2982 48
741 2950 766 2986 ιι
783 2941 873 3004 sqq.:
899 2928 974 3009 φασί
998 2927 1050 2986 καί
1074 2921 1118 2986 ότι
1135 2928 1222 3007 κοινή
1244 2927 1307 2994 πώς
1324 2919 1485 3005 ἐστιτὲχνη

317 3027 438 3114 ἰατρικὴ
463 3032 515 3091 καί
540 3035 678 3113 μαντική.
704 3027 895 3114 Μελάμπους
920 3026 970 3093 οὖν
993 3034 1045 3094 καί
1062 3029 1228 3102 Πολόειδος
1253 3028 1419 3115 ἀμφότεροι
1445 3023 1484 3088 ἐπ’

319 3135 431 3221 ἀμφοῖν
454 3134 567 3206 ἔνδοξοι
591 3134 734 3216 ἐγένοντο.
781 3141 834 3200 καί
858 3133 1016 3222 Ate-[aloe
1041 3137 1074 3198 δέ
1096 3159 1153 3200 ποι)
1177 3141 1226 3200 τόν
1249 3135 1352 3220 ἰατρὸν
1386 3140 1485 3219 μάντιν

320 3243 470 3327 ὀνομάζει.

426 3347 609 3432 Asclepius,
639 3350 781 3414 omnium
805 3349 1005 3414 medicorum
1029 3371 1148 3432 parens
1164 3353 1198 3430 ¹),
1224 3345 1394 3431 Apollinis,
1420 3366 1486 3410 ora-

320 3455 465 3518 culorum
490 3455 553 3533 dei,
577 3455 749 3519 filiuserat
771 3457 874 3544 (hym.
891 3455 987 3521 Hom.
1008 3457 1069 3544 15).
1105 3453 1289 3518 Medicinae
1305 3450 1486 3537 primordiis

320 3561 457 3626 vulnera
481 3565 611 3651 ἐπῳδαῖς
640 3565 850 3630 εκῐιαθοιιϊιιι.
898 3563 1036 3647 Aegroti
1069 3563 1100 3625 in
1135 3560 1372 3646 Asclepiadem,
1407 3581 1486 3644 quae

321 3680 352 3731 et
376 3669 498 3754 templa
528 3679 560 3733 et
588 3673 775 3736 nosocomia
805 3681 908 3755 erant,
938 3669 1170 3752 dormitabant,
1203 3677 1239 3732 ut
1274 3668 1352 3732 deus
1387 3665 1486 3730 morbi

320 3776 499 3839 remedium
524 3778 656 3842 somniis
681 3780 834 3863 aperiret.
883 3779 924 3842 cf.
949 3775 1222 3862 A1·istoph.Plut.
1248 3798 1279 3838 v.
1304 3773 1485 3838 oba-tlt.

427 3883 479 3947 Ita
502 3907 629 3969 semper
654 3909 727 3950 cum
751 3886 915 3949 medicina
939 3907 990 3947 ars
1015 3883 1171 3947 vaticinia
1203 3882 1376 3946 coniuncta
1411 3887 1485 3943 erat.

321 3991 362 4054 ef.
388 3985 637 4055 Haeserum¹
660 3991 867 4079 ‘Gesehiohte
892 3989 950 4054 der
974 3989 1125 4054 Medicin'
1153 3989 1277 4053 18531
1301 4010 1331 4072 p.
1359 3989 1393 4057 l:
1429 3984 1487 4068 „So

320 4096 402 4179 t'olgt
426 4097 484 4161 der
507 4098 606 4162 rohen
632 4099 776 4184 Empirie
800 4097 875 4162 sehr
897 4096 977 4162 bald
1002 4093 1073 4160 ein'e
1097 4096 1234 4179 gewisse
1258 4094 1416 4174 Theorie‚·
1440 4113 1487 4155 zu·

322 4214 387 4267 erst
420 4203 592 4290 diejcnige‚
633 4205 754 4268 welche
786 4204 1013 4268 Kranlrheiten
1048 4225 1123 4266 vom
1151 4203 1257 4267 Zorne
1291 4201 1349 4265 der
1379 4198 1488 4264 Gotter

430 4369 451 4432 1)
471 4368 508 4418 of.
527 4366 603 4419 Plat.
624 4366 723 4435 Symp.
743 4383 770 4434 p.
792 4365 843 4420 toa
863 4367 895 4434 E,
922 4367 974 4419 ubi
994 4365 1214 4434 Eryximaclius
1240 4365 1375 4418 medicus
1390 4361 1487 4418 ‚dioitz

321 4453 334 4504 ό
354 4455 473 4526 ἡμέτερος
492 4454 612 4524 πρόγονος
631 4453 796 4526 Ἀσκληπιός,
816 4454 851 4516 ὥς
870 4473 943 4524 φασιν
962 4452 1011 4506 οἵδε
1031 4451 1052 4504 οἱ
1071 4454 1172 4524 ποιηταὶ
1190 4453 1233 4504 καὶ
1252 4454 1301 4524 ἐγὼ
1319 4450 1447 4520 πείθομαι.
