3108 5126
568 434 678 498 vt·

193 629 359 694 Zscberus
383 631 452 714 ipse
477 628 678 694 omniafere
703 628 860 694 eiusmodi
885 627 1064 714 composita
1088 627 1131 690 ad
1154 627 1260 692 verba

80 745 237 814 revocat,
273 759 346 801 cum
379 735 444 818 olii,
472 748 508 801 ut
532 735 762 818 SohroederuS‚
799 735 895 798 enixe
930 757 1063 820 operam
1097 734 1184 818 dent,
1223 744 1259 798 ut

78 864 185 926 quam
218 841 358 927 plurima
391 865 463 907 oum
499 843 683 908 nominibus
720 844 899 926 composita
932 841 1258 906 essedemonstrent.

83 948 126 1012 Id
151 961 239 1013 certe
263 950 409 1016 Zaohero
451 949 697 1014 concedendum
736 958 793 1032 est,
828 947 915 1034 quod
951 947 971 1014 l.
996 972 1024 1014 c.
1048 971 1080 1034 p.
1118 949 1160 1012 66
1184 969 1257 1032 pro·
1290 1007 1301 1018 „

82 1056 214 1120 fitetur:

197 1163 307 1249 „Aber
330 1163 432 1226 soviel
462 1163 583 1247 glaubc
606 1162 659 1226 ioh
683 1162 930 1245 nachgewiesen
954 1185 999 1226 ¹zu
1022 1161 1140 1246 haben,
1180 1160 1276 1224 dass·

85 1269 154 1339 viel
179 1269 337 1354 heimger,
362 1270 410 1334 als
435 1294 468 1334 es
493 1269 696 1355 gewdhnlich
721 1267 897 1353 geschicht‚
923 1269 987 1332 den
1010 1269 1144 1332 zweiten
1172 1265 1258 1332 Glie-

81 1376 167 1440 deru
203 1399 267 1442 von
291 1377 484 1462 Komposita
513 1377 648 1442 verbale
673 1377 868 1461 Bedeutung
906 1373 976 1440 und
999 1375 1180 1459 Ableitung
1204 1400 1258 1441 nu-

81 1484 297 1548 zusohreiben
323 1485 393 1550 ist.“
498 1479 500 1482 ¹

193 1589 338 1672 Auxilia,
363 1613 446 1676 quae
480 1589 644 1654 Zacherus
669 1589 711 1654 ad
736 1599 886 1654 naturam
909 1588 1046 1653 membri
1070 1589 1257 1673 posterioris

84 1691 349 1782 intellegendam
367 1720 399 1781 p.
424 1699 552 1762 32-61
580 1680 684 1780 affert,
710 1697 789 1762 haec
814 1706 904 1764 sunt:

196 1805 226 1892 1)
251 1814 446 1888 accentusp.
461 1807 603 1872 32-45.
627 1807 671 1868 ut
694 1806 763 1890 ipse
787 1805 848 1868 hoc
872 1812 1065 1888 argumento
1089 1825 1157 1870 non*
1177 1803 1257 1868 mul-

85 1919 156 1974 tum
180 1912 295 1996 profici
319 1911 476 1990 concedit,
501 1933 573 1978 cum
599 1911 693 1976 dicit:
931 1905 933 1907 ’
975 1993 976 1998 ¹

197 2017 290 2100 „Wir
314 2017 445 2081 werden
483 2017 562 2081 aber
586 2019 685 2084 sofort
708 2017 816 2100 seben,
842 2017 917 2081 dass
942 2017 995 2080 die
1020 2017 1256 2082 Accentuation

82 2147 148 2188 nur
182 2125 234 2188 fiir
258 2125 365 2207 einige
394 2125 519 2207 wenige
558 2124 744 2207 Bildungen
780 2125 831 2187 ein
856 2123 961 2190 Mittel
996 2145 1038 2188 an
1079 2124 1131 2187 die
1156 2123 1256 2190 Hand

79 2230 176 2314 giebt
199 2254 239 2296 zu
263 2231 439 2306 erkennen‚
480 2231 521 2294 ob
547 2231 605 2294 der
628 2231 740 2294 aweite
763 2229 834 2294 'leil
858 2229 972 2294 verbal
996 2231 1074 2294 oder
1112 2230 1256 2295 nominal

81 2339 138 2420 ist,
163 2338 338 2402 und'auoh
364 2338 406 2402 da
430 2337 506 2402 luein
532 2338 660 2424 absolut
684 2337 855 2402 sicheres.“

193 2447 227 2526 2)
252 2454 422 2529 poetarum
445 2444 662 2532 etymologiae
686 2467 717 2529 p.
741 2444 883 2509 46-48.

193 2551 225 2637 3)
249 2551 372 2614 formae
397 2560 568 2634 cognatae,
593 2573 677 2636 quae
700 2560 808 2614 utrum
837 2571 910 2614 oum
934 2549 1035 2613 verbo
1060 2573 1102 2613 an
1126 2551 1257 2614 nomine

77 2657 264 2740 composita
285 2657 359 2742 sint,
384 2656 527 2722 dubitari
540 2653 710 2743 nequit'‚}ut
725 2667 891 2738 νεότυκτος,
916 2677 979 2740 quo
1004 2655 1168 2720 adiectivo
1185 2654 1254 2720 illu·

76 2773 206 2828 stratur
230 2763 330 2828 dubia
353 2765 457 2830 forma
480 2773 652 2852 νεοτευχής.
676 2786 708 2848 p.
733 2764 875 2830 48-49.
1269 2805 1311 2877 4

192 2870 225 2957 4)
249 2870 535 2954 grammaticorum
558 2870 840 2953 interpretationes
864 2892 896 2953 p.
920 2871 1062 2936 49-61.

195 2975 259 3040 Sed
284 2999 324 3039 ne
348 2976 397 3039 his
421 2975 552 3061 quidem
577 2973 708 3039 auxiliis
735 2976 911 3042 instructus
934 2973 1069 3038 multum
1093 2976 1255 3060 proficias

81 3081 187 3152 'Certa
210 3083 325 3167 regula
348 3083 483 3168 reperiri
508 3083 628 3168 nequit.
677 3081 873 3165 Singillatim
896 3083 929 3145 in
953 3103 1152 3168 unaquaque
1176 3066 1256 3146 vooe

88 3187 337 3252 deliberandum
362 3195 419 3273 est,
443 3198 551 3253 utrum
575 3188 615 3250 sit
638 3187 855 3253 verisimilius,

193 3295 238 3359 Ut
261 3295 362 3378 igitur
386 3295 606 3359 Sohroederus
645 3317 684 3358 ea
708 3295 896 3379 composita,
921 3317 1004 3380 quae
1028 3295 1167 3358 formam
1191 3295 1255 3379 pri-

83 3401 224 3466 mariam
260 3403 437 3486 posteriore
470 3401 541 3465 loco
572 3401 703 3484 habent,
727 3424 808 3466 vera
838 3402 1017 3486 composita
1050 3425 1120 3466 esse
1145 3411 1254 3486 negat,

82 3508 132 3572 ita
156 3531 204 3591 ea,
229 3531 313 3594 quae
348 3509 456 3593 priore
494 3507 632 3572 verbum
664 3508 834 3592 praebent,
874 3531 1080 3594 nequaquam
1118 3509 1255 3593 propria

81 3613 189 3679 classe
215 3614 447 3698 complectitur,
473 3613 530 3677 sed
548 3614 644 3678 valde
670 3613 806 3699 dubitat,
832 3613 910 3698 quid
935 3614 973 3676 iis
990 3613 1177 3680 faciendum
1201 3615 1251 3679 sit.

84 3720 192 3784 Affert
215 3742 254 3784 ea
277 3720 360 3783 inter
377 3729 509 3802 mutata,
535 3741 618 3804 quae
642 3719 878 3783 esubstantivo
904 3729 935 3783 et
959 3720 1162 3785 substantivo
1181 3743 1254 3784 oon-

79 3834 183 3909 stant‚
208 3827 396 3890 asteriscum
422 3825 524 3910 addit,
558 3824 700 3914 ‘dunkel'
725 3835 757 3888 et
782 3825 951 3913 ‘unsicher’
976 3848 1016 3890 ea
1041 3834 1147 3892 vocat.
1173 3825 1207 3910 (l.
1225 3849 1251 3892 o.

85 3953 118 4015 p.
143 3931 233 4009 383.)

193 4039 232 4104 Id
268 4050 377 4104 autem
400 4040 579 4104 maximum
612 4039 763 4104 Guilelmi
797 4039 999 4104 Olemmii
1022 4040 1172 4102 meritum
1197 4049 1254 4122 est,

84 4145 174 4230 quod
191 4146 428 4233 dissertatione,
453 4169 551 4232 quam
575 4147 761 4212 adveniam
787 4146 918 4230 legendi
942 4147 1002 4211 rite
1019 4145 1256 4232 capessendam

85 4251 227 4336 scripsit,
253 4251 305 4340 ‘de
331 4252 516 4338 compositis
530 4252 676 4336 Graecis
690 4275 774 4338 quae
791 4275 811 4317 a
828 4252 938 4317 verbis
951 4252 1122 4337 incipiunt'
1138 4252 1254 4318 Gissac

86 4357 184 4441 1867,
208 4358 382 4423 multorum
417 4359 667 4444 compositorum
702 4360 883 4424 membrum
907 4364 997 4445 prius
1021 4359 1158 4427 verbum
1185 4383 1255 4424 esse

85 4463 330 4530 demonstravit.
379 4465 476 4546 Quod
507 4466 597 4530 initio
631 4466 718 4530 haud
753 4465 861 4530 multis
897 4465 1108 4551 probabatur.
1170 4465 1256 4530 Nam
