3108 5126
878 390 917 452 12

522 567 556 644 4)
582 569 809 642 ἀστόξενος.
834 565 866 631 S.
891 569 965 631 3360.

416 671 602 760 Hesychius
626 695 651 739 s.
677 699 708 738 v.
734 676 890 752 ἀστόξενος
915 673 980 756 (ed.
998 673 1171 752 Schmidt.)
1198 673 1414 758 coirrpositnm
1443 673 1481 734 ita

310 777 471 863 explicat:

417 868 443 934 οἱ
476 876 569 950 γένει
601 877 662 955 μὲν
696 879 958 959 προσήκοντες,
998 871 1054 936 ἐπὶ
1087 873 1123 935 δὲ
1160 884 1227 958 γῆς
1264 873 1480 957 ἀλλοδαπῆς

309 985 505 1058 γεγονότες.
552 977 579 1044 οἱ
608 980 640 1044 δὲ
669 982 739 1053 τοῦς
769 981 869 1054 ξένους
905 985 958 1066 μέν
997 981 1094 1054 ὄντας,
1128 979 1175 1043 ἐπί
1207 991 1278 1064 τιμγγ
1310 981 1341 1044 δὲ
1367 979 1479 1052 ἀστοὺς

278 1126 281 1132 ·
308 1090 496 1168 γενομένους.

415 1171 561 1235 Priorem
600 1171 757 1259 Hesychii
795 1172 1048 1258 explicationem
1084 1161 1214 1257 prassor
1249 1171 1329 1238 alias
1365 1173 1482 1236 Pollux

309 1299 437 1362 qnoque
462 1279 556 1342 affert
579 1277 628 1342 Ill
654 1281 698 1343 60
720 1279 786 1366 (ed.
811 1278 987 1362 Bekker.):

416 1388 573 1462 ἀστόξενος
597 1390 628 1452 δέ
652 1393 732 1454 κατὰ
757 1396 811 1475 μέν
835 1413 917 1463 τινας
941 1390 957 1454 ὁ
982 1387 1074 1464 αὐτὸς
1102 1403 1143 1474 τῷ
1167 1389 1310 1475 ἱδιοξένιμ,
1344 1395 1427 1456 κατὰ
1454 1392 1483 1452 δέ

221 1529 227 1541 ‚
308 1518 391 1568 τινας
419 1495 435 1558 ὁ
463 1502 538 1576 γένει
569 1502 623 1582 μέν
647 1498 740 1572 ξένος,
764 1508 836 1582 τιμῇ
861 1499 893 1560 δὲ
918 1497 1019 1572 ἀστός,
1055 1497 1143 1570 ἐνίοις
1173 1499 1204 1560 δὲ
1229 1499 1311 1563 δοκεῖ
1335 1495 1351 1561 ὁ
1376 1502 1482 1584 pose.

308 1605 372 1684 μὲν
396 1601 514 1678 ἀστός,
540 1605 627 1688 δόξγγ
652 1605 688 1668 δέ
713 1606 819 1678 ξένος,
844 1603 890 1678 ὡς
915 1603 1058 1678 Δαναός
1082 1603 1274 1688 Ἀργείοις,
1300 1604 1368 1667 ἀπὸ
1392 1602 1484 1675 Ἰοῦς

307 1719 370 1794 τῆς
395 1707 565 1793 Ἀργείοις
589 1711 681 1796 ἔχων
705 1717 743 1776 τό
767 1717 880 1792 γένος.

414 1813 677 1898 Explicationem
694 1818 800 1878 fusam
819 1815 859 1879 de
875 1823 1028 1900 quattuor
1045 1819 1134 1890 ξένων
1151 1814 1326 1900 generibus
1340 1817 1363 1898 ¹)
1388 1817 1486 1878 affert
1536 1805 1537 1888 l

306 1918 497 1984 Eustathius
521 1944 553 2005 p.
570 1923 804 2007 40533sqq.²),
841 1945 936 2006 quain
963 1945 1005 1985 ex
1033 1920 1126 1986 Aelio
1154 1922 1314 2009 Dionysio
1334 1920 1486 1988 haustam
1537 1905 1538 1992 l

307 2047 377 2089 esse
402 2027 471 2111 ipse
495 2028 675 2094 confitetur.
723 2029 796 2110 Quo
820 2028 983 2093 Eustathii
1006 2027 1077 2092 loco
1107 2027 1260 2111 legimus:
1294 2031 1486 2102 ἀστόξενοι
1538 2003 1539 2086 l

307 2135 408 2200 δὲοὶ
439 2137 481 2202 ἐκ
516 2146 715 2222 προγόνων
750 2145 819 2224 μέν
847 2140 1003 2220 ,ἀστων,
1044 2134 1163 2203 αὐτοὶ
1187 2127 1238 2200 δὲ
1274 2138 1381 2208 ξένοι
1419 2141 1488 2200 καί
1539 2103 1540 2178 l

308 2243 550 2319 ἀνανεώσεως
586 2248 781 2332 δεόμενοι.
830 2246 964 2318 ὁποῖος
997 2245 1253 2330 Ἀγαμέμνων
1290 2243 1487 2326 ἐνΛυδίοΙι.
1541 2301 1542 2376 ,

413 2347 506 2411 Idem
531 2349 643 2412 dicunt
659 2373 683 2415 s,
702 2373 732 2414 V.
748 2352 890 2426 ἰδιόξενος
906 2349 1039 2412 Photius
1062 2350 1095 2412 in
1119 2349 1225 2412 lexico
1250 2347 1314 2431 (ed.
1332 2347 1488 2426 Person.)

307 2463 339 2516 et
364 2453 482 2520 Snidas
505 2455 570 2540 (ed.
596 2455 764 2542 Belrker.).

413 2562 585 2647 Propriam
613 2563 863 2648 explicationem
888 2562 1142 2648 lexicographns
1168 2563 1204 2627 B.
1222 2563 1263 2626 A.
1288 2583 1319 2645 p.
1345 2561 1425 2644 465,
1456 2573 1487 2623 ct

307 2667 459 2733 Timaeus
495 2694 527 2755 p.
561 2674 601 2735 ῦῑ
638 2671 702 2746 (cd.
733 2669 934 2758 Rulmken.)'
955 2671 1112 2734 afferunt:
1153 2673 1234 2758 ὁμὴ
1259 2672 1339 2757 ’έχων
1364 2669 1394 2734 ἐν
1420 2682 1488 2743 τοῖς

307 2781 445 2852 πολίταις
470 2778 568 2845 οὶκίαν
591 2780 677 2844 ἰδίαν.

414 2883 606 2969 Supplicem
630 2893 739 2948 autem
763 2883 833 2947 loco
868 2883 956 2948 illam
981 2891 1107 2948 tantum
1131 2882 1384 2966 explicationem
1409 2903 1489 2964 pro·

307 2989 453 3054 bandam
478 3013 558 3074 esse,
585 3013 681 3076 quam
707 3012 807 3076 supra
830 2989 945 3054 litteris
969 2988 1064 3054 latius
1090 2989 1255 3073 dispositis
1280 2985 1420 3070 signavi,
1450 3011 1489 3051 eo

307 3097 550 3182 comprobatur,
584 3098 672 3183 quod
697 3097 811 3183 Suppl.
838 3121 868 3164 v.
893 3099 957 3162 626
977 3097 1110 3183 legitur.
1157 3097 1359 3179 Argivorum
1395 3096 1488 3158 enim

305 3227 366 3268 rex
390 3205 422 3267 in
448 3205 596 3268 contione
621 3205 760 3287 dixerat,
785 3205 812 3267 si
837 3205 986 3269 advenae
1010 3204 1173 3289 repulsam
1203 3205 1337 3286 ferrent,
1367 3206 1488 3277 ξενικόν

308 3315 430 3379 ἀστικόν
454 3314 487 3378 θ’
508 3313 573 3398 ἅμα
606 3351 648 3360 --
685 3316 808 3380 διπλοῦν
844 3321 965 3400 μίασμα
997 3312 1141 3374 futurum
1165 3333 1245 3392 esse,
1285 3309 1371 3394 quod
1401 3308 1488 3372 nihil

307 3418 396 3482 alind
420 3419 482 3481 nisi
506 3419 596 3481 vocis
621 3422 778 3494 ἀστόξενος
812 3417 1029 3503 periphrasim
1065 3439 1135 3479 esse
1169 3426 1257 3480 recte
1293 3414 1488 3478 scholiastes

306 3524 476 3606 intellexit,
501 3526 556 3610 qui
574 3525 722 3589 adnotat:
747 3529 869 3592 διπλοῦν
893 3532 978 3592 καθὸ
1002 3531 1054 3590 καί
1078 3527 1179 3600 ξένους
1194 3527 1282 3598 ὄντας
1300 3536 1485 3608 παρορῶμεν

306 3639 358 3698 καὶ
382 3645 531 3715 συγγενεῖς
556 3637 736 3721 δειχθέντος
760 3631 817 3699 οῦκ
840 3634 992 3719 ἐλεοῦμεν.

521 3739 827 3825 ῦ)δορῦξενος.
874 3739 915 3802 Α.
941 3738 1015 3801 871.
1041 3736 1100 3802 Oh.
1126 3737 1202 3800 560.

412 3843 577 3927 Aristoph.
602 3843 682 3932 Byz.
715 3866 745 3928 p.
773 3845 833 3909 191
861 3843 925 3924 (ed.
951 3842 1093 3930 Nauck.)
1107 3845 1148 3929 3):
1184 3846 1333 3928 δορῦξενοι
1365 3845 1407 3919 δέ,
1440 3843 1486 3916 ὡς

308 3951 398 4028 εἰκός,
424 3952 451 4016 οἱ
476 3957 556 4018 κατὰ
578 3960 628 4020 τὸν
653 3957 784 4040 πόλεμον
810 3954 967 4040 ἀλλήλους
993 3956 1273 4040 μιλοποιησάμενοι.

415 4055 498 4122 Plut.
525 4057 659 4138 Quaest.
686 4057 804 4122 Graec.
830 4060 847 4140 ἓ
874 4058 969 4138 llll:
1002 4067 1045 4132 τίς
1079 4059 1292 4142 όδορῦξενος;
1330 4057 1345 4122 o'
1377 4059 1488 4140 λαβὼν

414 4205 433 4267 1)
454 4202 581 4272 προξένων,
601 4201 745 4262 ἀστοξένων,
764 4199 904 4271 δορυξένων,
923 4198 1053 4262 ἰδιοξένων.

413 4294 434 4356 ²¹)
455 4294 492 4344 cf.
512 4309 539 4361 p.
559 4292 620 4345 485.

414 4383 434 4446 ³)
455 4383 564 4450 fragm.
583 4381 678 4433 Paris.
699 4385 714 4441 ξ
735 4381 777 4433 15,

413 4473 434 4536 ⁴)
455 4477 474 4523 t.
493 4471 557 4524 ΙΙΙ,
578 4487 605 4538 p.
626 4469 677 4522 195
698 4469 743 4523 cd.
764 4469 974 4538 Wyttenbach.
