3108 5126
611 1005 752 1092 trtl.

198 1231 356 1298 Aemilius
381 1231 547 1316 Genniges
572 1242 668 1297 natus
699 1255 770 1297 sum
808 1233 840 1296 in
871 1231 991 1318 oppido
1017 1229 1181 1321 ‘Mulheim
1220 1235 1262 1299 ad

32 1395 34 1434 p
95 1341 160 1407 Rh.‘
185 1363 270 1406 anno
295 1341 389 1406 huius
413 1339 534 1406 saeculi
558 1339 663 1423 LXV,
688 1341 807 1404 mensis
832 1341 1032 1427 Septembris
1057 1341 1109 1404 die
1132 1341 1261 1426 XXIV,

31 1505 32 1508 ,
93 1457 183 1532 patre
206 1447 332 1512 Mathia
355 1456 458 1512 matre
470 1447 576 1511 Maria
600 1469 617 1509 e
641 1456 738 1530 gente
756 1446 1046 1535 Sohinkenmeyer,
1072 1446 1189 1534 quibus
1206 1448 1263 1512 ad·

94 1553 153 1618 hue
177 1554 404 1640 superstitibus
428 1554 568 1639 gaudeo.
617 1553 732 1618 Fidem
757 1555 910 1640 profiteor
934 1555 1138 1620 catholicam,
1179 1555 1261 1620 Cum

93 1682 141 1724 me
165 1683 266 1747 puero
292 1683 408 1728 novem
433 1684 591 1728 annorum
615 1669 766 1746 parentes
791 1661 823 1725 in
847 1661 961 1726 urbem
980 1662 1131 1750 ‘Orefeld’
1157 1671 1262 1727 trans-

92 1769 297 1852 migrassem,
337 1768 383 1832 ibi
406 1769 570 1857 gymnasii
599 1767 776 1854 discipulus
805 1770 910 1834 fautus
945 1792 1026 1852 sum,
1065 1768 1152 1832 unde
1184 1792 1261 1834 vere

27 1923 28 1932 a
92 1877 166 1940 anni
191 1875 357 1940 LXXXV
381 1876 577 1941 maturitatis
601 1875 783 1940 testimonio
808 1876 985 1941 instructus
1009 1877 1156 1940 Bonnam
1183 1877 1259 1956 adii,

26 2069 27 2074 ἵ
90 1984 145 2048 ubi
169 2005 228 2070 per
252 1992 407 2069 quattuor
439 2005 542 2048 annos
577 1982 692 2046 studiis
716 1982 920 2068 philologieis
956 2005 1089 2069 operam
1128 1987 1260 2051 navari.

90 2091 218 2156 Sodalis
235 2091 419 2156 ordinarius
437 2091 601 2155 seminarii
626 2099 657 2155 et
681 2090 867 2176 philologici
893 2101 924 2156 et
940 2093 1120 2176 germanici
1137 2115 1196 2177 per
1212 2100 1261 2156 tor

24 2199 25 2222 ³
90 2221 147 2263 sex
185 2219 312 2262 menses
345 2199 401 2264 fui.
430 2192 729 2264 Exercitationibus
754 2199 1011 2284 arohaeologiois
1041 2199 1183 2284 benigne
1209 2221 1259 2263 me

90 2306 220 2370 admisit
248 2304 387 2372 Kekule.
436 2306 521 2370 Vere
558 2307 634 2370 anni
666 2306 852 2372 LXXXIX
887 2307 1058 2396 gymnasio
1094 2307 1260 2372 Bonnensi

22 2407 23 2436 ³
91 2421 292 2498 aggregatus
316 2435 397 2497 sum,
421 2423 458 2477 ut
474 2435 607 2479 munere
621 2413 789 2478 candidati
802 2414 966 2499 probandi
977 2416 1143 2498 fungerer.
1169 2413 1260 2478 Eius·
1342 2452 1345 2456 -

21 2517 22 2526 ’
91 2520 164 2583 dem
189 2522 265 2584 anni
290 2521 450 2586 Kalendis
475 2521 582 2586 dumis
606 2521 741 2588 Bonnae
766 2523 919 2587 examina
935 2522 1069 2607 publica
1094 2526 1261 2608 superavi.
