3108 5126
883 409 927 474 ‘20

313 601 552 692 etymologiam
576 603 667 666 vocis
690 607 819 672 δάπεδον
843 601 1031 666 Eustatbius
1055 625 1087 687 p.
1113 601 1178 666 436
1190 631 1215 670 τι
1240 601 1353 664 affert:
1381 608 1483 684 γίνεται

315 714 349 776 δὲ
374 717 459 797 παρὰ
482 719 515 778 τὸ
540 714 588 789 δᾶ,
614 715 630 777 ὃ
654 714 743 799 δηλοῖ
765 713 911 798 Δωρικῶς
934 718 988 801 τὴν
1011 724 1075 798 γῆν,
1100 715 1153 777 καὶ
1176 717 1209 775 τὸ
1232 711 1330 776 πέδον.

529 817 563 901 3)
587 819 753 894 εἴσοδος
779 815 816 880 Ε.
841 817 894 881 30.

529 924 563 1007 4)
588 925 739 1012 ἔφοδος
763 921 801 986 Ε.
825 923 900 989 372.

528 1031 562 1114 5)
586 1039 822 1118 πρόμαντις
848 1028 908 1097 Ch.
935 1031 1007 1094 754.

532 1137 566 1222 6)
589 1137 795 1222 πλρόξενος
821 1135 853 1202 S.
878 1137 954 1200 425.
979 1137 1115 1222 (500.)1)
1138 1135 1215 1202 930.
1239 1135 1314 1199 931.

422 1246 564 1330 πρόξενος
587 1253 636 1305 est
659 1241 775 1328 hospes
811 1251 887 1306 aute
918 1265 1028 1306 omnes
1052 1241 1142 1308 alios.
1189 1241 1311 1326 Aliqua
1336 1239 1423 1304 enim
1446 1237 1485 1301 ei-

317 1349 401 1412 vitas
425 1349 459 1410 in
483 1347 548 1412 alia
572 1347 703 1412 civitate
727 1349 833 1412 civem
849 1349 1015 1434 quendam
1038 1347 1233 1430 destinabat,
1260 1347 1315 1433 qui
1331 1344 1417 1408 illius
1441 1345 1484 1408 rei

320 1453 470 1539 publicae
495 1453 623 1518 nivibus
648 1455 681 1518 in
705 1455 806 1540 ipsius
829 1455 912 1520 urbe
936 1455 1143 1520 versantibus
1174 1454 1262 1540 apud
1286 1452 1412 1517 iudices
1435 1473 1486 1536 pa-

318 1561 548 1644 trocinaretur,
574 1561 723 1625 omnibus
747 1561 780 1624 in
804 1562 943 1646 negotiis
960 1585 1016 1628 eos
1039 1562 1223 1648 adiuvaret,
1247 1559 1371 1644 legatos
1396 1559 1485 1622 dorne

316 1666 494 1751 exciperet,
520 1665 678 1729 similibus
702 1669 889 1731 muneribus
914 1669 1113 1749 fungeretur.

425 1771 572 1852 Quorum
609 1770 759 1836 laborum
782 1784 817 1838 ut
842 1775 1023 1858 praemium
1055 1773 1200 1862 haberet,
1230 1773 1304 1837 talis
1327 1772 1379 1836 vir
1403 1795 1425 1837 a
1447 1771 1485 1834 ei·

315 1880 426 1962 vitate,
463 1901 546 1966 quae
571 1880 600 1942 ei
635 1901 771 1944 munera
805 1881 861 1945 illa
884 1881 1111 1964 mandaverat,
1143 1881 1251 1947 multis
1276 1892 1307 1945 et
1332 1878 1484 1964 gravibus

316 1986 483 2050 benefieiis
501 1985 694 2069 donabatur,
719 2010 802 2073 quae
819 1998 987 2054 enumerat
1009 1989 1208 2054 Meierus
1232 1989 1265 2052 in
1290 1985 1410 2068 libello,
1436 1986 1486 2069 qui

315 2093 505 2158 inscribitur
531 2093 776 2180 ,Commentatio
802 2095 842 2160 de
867 2095 1031 2161 Proxenia
1061 2097 1130 2160 sive
1165 2096 1205 2160 de
1229 2093 1361 2180 publico
1387 2091 1484 2156 Grae-

317 2222 432 2265 corum
455 2200 603 2285 hospitio'
629 2201 722 2266 Halis
748 2203 833 2268 1843
857 2226 887 2288 p.
915 2203 955 2267 18
979 2226 1051 2289 sqq.

309 2386 312 2393 Ι
423 2306 506 2370 Sunt
530 2306 628 2372 haee:

536 2419 568 2498 a)
593 2419 741 2500 πρόσοδος
773 2425 848 2502 προς
879 2442 909 2482 τε
940 2423 993 2504 τὴν
1018 2421 1131 2504 βουλὴν
1155 2422 1208 2484 καὶ
1239 2422 1289 2481 τὸν
1314 2417 1411 2501 δῆμον
1437 2413 1483 2477 ἐάν

315 2547 368 2589 του
393 2525 497 2610 δέηται
523 2528 631 2609 πρώτῳ
657 2529 731 2610 μετὰ
754 2529 792 2588 τὰ
815 2523 891 2609 ἱερά.

531 2626 566 2709 b)
590 2632 740 2714 προδτκὶα.
791 2628 931 2693 Licebat
968 2628 1039 2692 viro
1075 2628 1136 2692 hoe
1170 2627 1329 2692 beneficio
1369 2625 1484 2688 donato

315 2733 492 2820 postulare,
522 2741 557 2797 ut
582 2736 664 2798 aetio
698 2735 834 2820 abipso
859 2735 1006 2799 instituta
1030 2744 1104 2798 ante
1129 2757 1238 2798 omnes
1264 2742 1388 2796 ceteras
1416 2753 1486 2796 eau-

317 2863 370 2904 sas
396 2839 639 2907 diiudicaretur.

544 2951 574 3030 ο)
599 2956 651 3015 καὶ
674 2951 816 3024 εἴσπλους
832 2956 884 3016 καὶ
900 2952 1031 3024 ἔκπλους
1046 2955 1100 3016 καὶ
1115 2951 1231 3022 εἴσοδος
1254 2953 1306 3013 καὶ
1323 2947 1428 3020 ἔξοδος
1443 2950 1490 3011 καὶ

321 3056 476 3145 εἰσαγωγὴ
500 3062 553 3122 καὶ
568 3056 704 3144 ἐξαγωγὴ
722 3063 775 3123 καὶ
791 3061 927 3143 πολέμου
943 3063 996 3122 καὶ
1011 3055 1133 3145 εἰρήνης
1150 3056 1254 3121 ἀσυλεὶ
1270 3059 1323 3120 καὶ
1338 3054 1486 3119 ἀσπονδεὶ.

533 3161 565 3247 d)
591 3163 744 3252 ἀσφάλεια
766 3168 819 3228 καὶ
843 3163 955 3228 ἀσυλία
978 3169 1030 3229 καὶ
1054 3166 1189 3247 πολέμου
1212 3166 1264 3226 καὶ
1288 3159 1412 3248 εἰρήνης
1438 3164 1487 3224 καὶ

316 3273 397 3335 κατὰ
420 3282 475 3356 γῆν
499 3275 551 3334 καὶ
574 3273 744 3334 θάλατταν.

534 3381 563 3457 e)
589 3378 728 3464 ἔγκτησις
752 3375 772 3440 i.
798 3397 825 3440 e.
851 3373 1089 3439 eornmereium.

529 3481 558 3563 f)
583 3482 722 3569 ἐπινομία
745 3482 766 3547 i.
792 3505 819 3549 e.
843 3483 892 3545 ius
917 3480 1039 3566 paseui.

534 3592 570 3671 g)
592 3588 752 3654 ὶοοτὲλετα.

532 3697 563 3779 b]
588 3697 719 3764 ἀτέλεια.

531 3800 556 3885 i)
577 3802 773 3869 ἰσοπολιτεία.

530 3905 566 3992 k)
591 3913 734 3974 πολιτεία.

423 4012 515 4076 Haec
550 4025 643 4077 erant
665 4013 850 4099 privilegia,
875 4035 1012 4099 quorum
1037 4012 1101 4078 alia
1125 4013 1166 4078 ab
1192 4012 1263 4078 aliis
1300 4013 1488 4078 civitatibus

316 4141 480 4185 unacum
503 4122 664 4205 proxenia
690 4121 844 4206 proxenis
875 4119 1154 4202 concedebantur,
1194 4119 1409 4206 nequeenim
1435 4120 1490 4184 ulli

316 4225 438 4290 homini
462 4226 570 4290 omnia
594 4229 635 4290 ab
660 4225 725 4291 ulla
750 4227 881 4291 civitate
906 4225 983 4290 data
1006 4235 1090 4292 suut.

425 4334 644 4418 lnspieiantur
667 4333 748 4396 haee
772 4334 1059 4417 grammaticorum
1083 4334 1281 4400 testimonia:

425 4499 445 4561 ¹)
464 4495 541 4548 Med.
560 4512 620 4564 προς
639 4493 713 4554 ξένον.
734 4510 807 4548 corr.
828 4493 984 4548 Canterus.
