3108 5126
638 489 677 554 19

178 685 294 750 αἴλινον
310 683 374 750 εἰπέ
396 681 436 747 A.
457 683 529 748 124.
557 679 629 748 145.
656 683 728 748 169.
765 681 1014 746 Substantivunr
1030 681 1243 766 compositum

66 810 86 850 e
111 809 192 852 voce
225 787 358 871 lugubri
392 790 423 856 αἱ
445 790 539 866 Λίνος
575 781 761 870 ortum'est⁷
796 796 831 850 ut
855 787 1068 875 hypostaseos
1081 792 1105 866 1)
1137 787 1243 852 forma

66 894 232 978 quaedam
258 894 433 958 statuenda
456 895 506 959 sit.
922 881 924 888 '

284 1002 317 1086 2]
341 1005 513 1068 δάπεδον
538 999 597 1066 Oh.
624 1002 697 1068 184.

175 1105 214 1170 In
238 1107 372 1192 stropha
396 1117 440 1189 (v,
468 1107 542 1197 783)
567 1106 742 1192 respondet
764 1122 824 1176 πᾶν
848 1109 930 1183 ἔπος.

179 1213 246 1278 vid.
272 1213 413 1302 Etymol.
437 1213 526 1298 Mag.
550 1237 582 1299 p.
607 1214 672 1279 248
687 1243 713 1281 ιο
728 1251 779 1290 sqq.
802 1212 867 1296 (ed.
892 1212 1089 1292 Gaisfcrd.):

69 1327 156 1407 παρὰ
179 1328 212 1388 τὸ
238 1325 277 1388 δα
301 1323 470 1390 ἐπιτατιιιὸν
493 1329 617 1407 γίνεται·
638 1330 788 1389 τουτέστιν
810 1329 844 1390 τὸ
867 1329 945 1409 μέγα
960 1328 1013 1388 καὶ
1027 1325 1126 1388 πλατὺ
1142 1326 1242 1406 πέδον,

67 1432 84 1494 ὃ
110 1431 189 1496 ἔστιν
213 1431 337 1518 ἔδαφος.
384 1429 428 1497 Τὸ
452 1433 484 1496 δὲ
508 1433 547 1495 δα
570 1436 679 1512 γίνεται
704 1435 752 1507 ζα,
777 1434 860 1495 κατὰ
882 1434 1045 1516 μετάθεσιν
1067 1439 1120 1497 τοῦ
1145 1430 1169 1493 Δ
1194 1429 1237 1504 εἰς

67 1535 99 1600 Z.
148 1536 224 1602 ὅθεν
248 1543 301 1603 καὶ
326 1537 512 1615 Ζάπλοοτος,
536 1537 552 1603 ὁ
575 1542 653 1602 πάνυ
675 1540 830 1611 πλοίνοιος.

176 1648 214 1716 ζα
253 1651 302 1706 est
336 1643 441 1707 forma
478 1641 615 1708 Aeolica
648 1663 707 1728 pro
741 1646 793 1709 διὰ
828 1640 973 1730 (Curtius
1004 1641 1070 1706 Est
1094 1663 1125 1726 p.
1150 1643 1239 1727 602).

68 1750 197 1822 ζάπεδον
222 1747 301 1812 dicit
323 1748 545 1834 Xenophanes
562 1747 651 1833 apud
667 1748 873 1814 Athenaeum
887 1747 1031 1814 111462
1054 1747 1091 1820 (1.
1114 1747 1179 1812 Pro
1204 1755 1242 1822 ζα

66 1855 173 1918 forma
196 1854 321 1919 Dorica
345 1865 393 1920 est
416 1861 455 1923 δα
479 1855 623 1944 (Curtius
647 1855 712 1920 Est
736 1877 768 1940 p.
793 1856 881 1940 606).
929 1854 1045 1940 Itaque
1069 1879 1090 1920 οι
1112 1852 1238 1918 vocalis

65 1962 237 2046 compositi
261 1966 388 2032 δάπεδον
423 1985 480 2027 suo
519 1963 589 2028 iure
613 1961 723 2026 brevis
748 1984 818 2026 esse
842 1960 932 2026 solet.
979 1961 1036 2024 Bis
1061 1968 1169 2026 autem
1193 1960 1236 2024 ab

64 2067 231 2156 Aeschylo
267 2069 469 2154 producitur,
509 2067 569 2134 Oh.
595 2069 658 2134 794
682 2076 713 2131 et
736 2067 843 2131 Prom.
869 2067 943 2132 855.
990 2066 1154 2132 Porsonus
1194 2066 1237 2130 ad

67 2173 144 2240 Eur.
170 2171 226 2240 Or.
252 2175 326 2258 824,
362 2175 551 2240 Hermanno
576 2175 620 2240 ad
644 2173 762 2239 Aesch.
786 2174 895 2246 Prom.
920 2173 986 2238 830
1008 2172 1175 2259 probatus,
1200 2173 1239 2236 iis

64 2279 157 2364 locis,
196 2281 313 2367 quibus
338 2308 358 2348 α
381 2280 582 2368 producitur,
608 2284 738 2365 γάπεδον
762 2279 972 2345 scribendum
1011 2301 1081 2344 esse
1120 2289 1240 2365 censet,

65 2409 140 2450 oum
178 2387 369 2454 Dindorfius
402 2389 530 2468 (Philol.
565 2391 656 2470 20⁵2)
687 2391 817 2455 λάπεδον
852 2392 902 2474 (x)
938 2395 1109 2472 proponat.
1156 2386 1240 2450 Her-

64 2515 204 2558 mannus
229 2495 323 2558 affert
346 2495 512 2584 Lycophr.
537 2522 569 2562 v.
594 2496 673 2560 617:
1068 2498 1070 2502 ’
1239 2480 1241 2486 ’

231 2687 233 2695 Ι
280 2614 332 2668 τοῦ
356 2615 528 2690 τειχοποιοῦ
551 2605 688 2685 γαπέδων
713 2603 873 2687 ἀμειβὲως,

67 2705 144 2790 „ubi
168 2706 244 2770 libri
267 2709 461 2773 confirmant
484 2708 568 2772 hanc
592 2707 817 2792 scripturam.“

171 2814 217 2877 At
240 2816 380 2899 primum
404 2814 494 2878 locus
519 2815 676 2878 obscurus
701 2823 733 2876 et
756 2814 894 2876 fortasse
917 2811 1083 2877 Dindorlii
1108 2812 1234 2876 coniec-

63 2927 139 2982 tura
163 2924 302 2988 λαπὲδων
327 2921 493 2986 sanandus
518 2930 575 2984 est.

174 3026 304 3090 Deinde
328 3027 487 3092 codexE
524 3027 690 3104 (editionis
726 3025 943 3090 Scheerianae
980 3026 1078 3114 1881)
1114 3036 1145 3090 et
1181 3027 1239 3090 alii

62 3134 206 3198 minores
231 3139 367 3204 δαπέδων
390 3135 559 3219 praebent.

173 3239 239 3305 Sed
263 3241 328 3306 alia
352 3265 394 3306 ex
429 3264 528 3306 causa
551 3241 688 3306 Personi
721 3250 753 3305 et
776 3241 957 3304 Hermanni
981 3240 1115 3304 mutatio
1141 3263 1235 3325 repu-

64 3346 190 3411 dianda
215 3357 271 3418 est.
319 3353 448 3433 γάπεδον
487 3348 572 3412 enim
596 3347 649 3411 vel
672 3351 800 3437 γήπεδον
839 3357 887 3410 est
910 3368 1072 3432 nusquam
1098 3345 1233 3435 ‘solumss

62 3453 122 3516 scd
145 3454 267 3540 ubique
293 3457 404 3543 ager,
431 3455 571 3543 ‘liortusfi
587 3461 611 3542 2)
984 3445 990 3458 ¹

172 3558 283 3640 Quare
308 3584 423 3625 censeo
462 3560 661 3648 Aeschylum
694 3563 822 3626 δάπεδον
853 3557 959 3643 prima
998 3557 1128 3645 syllaba
1162 3580 1237 3643 pro·

62 3665 164 3731 ducta
203 3667 337 3732 dixisse.
384 3667 536 3732 Fortasse
574 3666 654 3730 illud
683 3667 866 3752 praefixum
901 3669 939 3732 δα
978 3664 1126 3728 confudit
1164 3687 1239 3729 oum

61 3773 186 3837 Dorica
198 3775 304 3838 forma
327 3779 366 3841 δᾶ
389 3796 449 3859 pro
473 3789 513 3858 γᾶ
537 3797 556 3838 a
580 3773 717 3837 scenicis
741 3771 828 3836 haud
853 3792 927 3834 raro
951 3771 1081 3854 usitata,
1090 3776 1115 3853 3)
1140 3793 1238 3856 quam

172 3903 192 3966 ¹)
212 3901 258 3953 Dc
293 3917 354 3969 qua
382 3901 498 3954 Latinis
530 3902 694 3969 praecipue
727 3899 873 3967 exemplis
904 3897 1054 3951 illustrata
1082 3897 1238 3952 Usenerus

60 3989 250 4056 Fleckeisen.
270 4007 339 4043 amn
359 3991 410 4043 117
430 4006 457 4058 p.
478 3989 584 4042 71-80
603 3989 753 4042 disseruit.

171 4079 193 4147 ²)
215 4081 251 4132 cf.
266 4080 341 4133 Plat.
355 4079 431 4148 Lag.
451 4095 478 4147 p.
499 4079 549 4132 741
565 4077 600 4132 C:
619 4078 646 4128 τὸ
659 4077 789 4147 πριάμενον
801 4075 821 4146 ἢ
834 4074 983 4146 ἀποδόμενον
993 4067 1027 4124 ὧν
1040 4073 1129 4144 ἔλαχεν
1139 4071 1238 4124 οἰνοπέ-

59 4167 110 4219 tas
132 4165 293 4238 lyyrycttao.
314 4170 434 4222 Aristot.
454 4168 539 4221 Polit.
560 4167 588 4218 II
608 4167 643 4224 51
666 4167 788 4235 opponit
808 4167 886 4219 inter
905 4180 938 4218 sc
958 4161 1058 4235 Ιιήπεδοι
1077 4163 1185 4233 ⁴agros'
1207 4169 1238 4217 et

57 4255 174 4325 καρπούς
194 4273 346 4326 ιεινιϊοιίιιιι
367 4257 501 4310 fructus'.

170 4347 191 4411 ³)
212 4345 364 4399 cf.Aeseh.
378 4343 542 4399 P1·0m.589
562 4338 620 4394 ἆδᾰ
634 4344 723 4400 schol.
734 4341 756 4393 ol
765 4345 813 4412 γὰρ
826 4342 928 4412 Δωριεῖς
947 4343 994 4413 τὴν
1012 4348 1065 4412 γῆν.
1074 4338 1120 4411 δήν
1134 4340 1176 4390 καὶ
1191 4337 1237 4390 δᾶν

58 4452 143 4505 φασιν.
179 4436 298 4489 Aesch.
319 4436 405 4488 Eum.
424 4433 476 4489 844
495 4429 518 4485 ol
537 4429 560 4484 oi
578 4432 618 4495 δᾶ,
638 4440 690 4502 φεῦ.
711 4433 800 4486 schol.
821 4429 860 4482 δᾶν
880 4428 901 4482 ὦ
920 4438 956 4501 γῆ
975 4432 1101 4501 Δωρικῶς.
1128 4429 1236 4483 Aesch.

58 4525 96 4578 A.
119 4523 189 4578 1056
208 4530 281 4575 ποποῖ
300 4523 340 4575 δᾶ.
361 4525 449 4578 schol.
468 4531 504 4595 γῆ
517 4525 643 4594 Δωρικῶς.
663 4522 733 4575 Ειιι·.
747 4521 858 4575 Phoen.
879 4521 950 4573 1302
969 4528 1012 4589 yso
1032 4518 1071 4571 δᾶ.
1085 4518 1238 4587 Aristoph.

62 4613 137 4682 Lys,
158 4613 208 4668 ias
228 4613 368 4677 (Laconis
388 4615 531 4682 loquitur)
551 4619 595 4683 φεῦ
614 4609 652 4663 δᾶ.
