3108 5126
630 398 665 469 11

172 589 212 654 Α.
237 613 267 658 v.
296 591 468 656 lora-77
493 591 660 656 Medioeus
684 592 839 677 praebet:

325 706 432 787 στέγην

279 810 425 890 μισόθεον
451 813 504 893 μὲν
528 805 588 882 οὖν,
613 811 715 874 πολλὰ
738 815 898 893 συνίστορα

281 909 435 1001 αὐτοφόνα
458 915 542 979 κακὰ
565 921 703 999 καρτάνορ
718 917 751 982 11.

251 1013 254 1018 ’
282 1019 414 1104 ἀνδρὸς
438 1028 590 1108 σφάγιον
614 1027 667 1086 καὶ
690 1019 943 1108 πεδορραντήριον
955 1021 987 1104 2).

175 1123 213 1186 In
239 1123 442 1236 antistropha
467 1139 511 1208 (v.
528 1127 625 1212 1082)
650 1135 757 1190 autem
781 1125 917 1208 legitur:

282 1231 392 1306 ὀπτάς
416 1258 451 1297 τε
475 1239 614 1318 σάρκας
638 1240 714 1320 πρὸς
737 1240 851 1319 πατρὸς
875 1237 1080 1320 βεβρωμένας.

176 1335 286 1416 Quare
310 1347 397 1400 reete
421 1337 498 1400 mihi
515 1339 718 1404 Dobraeus
742 1341 850 1426 ἀνδρὸς
874 1347 1000 1428 σφάγιον
1017 1340 1051 1400 iu
1068 1341 1243 1430 ἀνδροσφα-

55 1456 145 1526 γεῖον
168 1442 345 1507 mutavisse
369 1444 508 1511 videtur.
523 1452 547 1528 3)

176 1551 410 1639 ἀνδροσφαγεῖον
434 1551 520 1615 idem
545 1552 710 1635 signifieat
734 1551 821 1638 quod
846 1555 1078 1640 ἀνδροκτονεῐον,
1114 1552 1155 1615 de
1178 1574 1242 1636 quo

62 1655 275 1742 Phrynichus
309 1657 347 1722 Β.
379 1659 419 1723 Α.
445 1659 499 1740 28„
537 1658 583 1722 ita
622 1657 768 1724 disserit:
804 1662 1045 1745 ἀνδροκτοντῐον·
1091 1661 1107 1725 ὁ
1141 1668 1242 1736 τόπος,

60 1765 147 1830 ἔνθα
186 1764 213 1831 οἱ
245 1765 402 1850 ἄνθρωποι
436 1769 692 1854 ἀποθνήσκουσιν.
747 1766 876 1850 Λέγοιτο
910 1768 935 1830 δ’
960 1767 995 1832 ἀν
1031 1769 1243 1853 ἀνδροκτοντῖα

61 1875 120 1936 καὶ
160 1875 196 1935 τά
227 1885 285 1937 τῶν
315 1875 429 1961 δημίων
460 1873 686 1960 ἐνδιαιτηματα,
720 1873 750 1940 ἐν
780 1874 825 1948 οἷς
854 1878 923 1949 τοὺς
951 1887 1009 1939 τῶν
1045 1873 1240 1940 ἐπιθανάτων

58 1975 146 2060 (Ieg-
163 1982 239 2053 τοὺς
264 1979 311 2044 ἐπὶ
334 1981 476 2066 θανάτῳ)
497 1983 787 2056 καταδικασθέντας
804 1995 1027 2068 καταχρῶνται.

284 2087 321 2167 3)
342 2089 585 2176 ἀρχηγέτης
611 2085 642 2150 S.
672 2089 743 2152 190.
771 2089 846 2153 257.

177 2191 277 2254 Utin
301 2193 470 2257 vocabulis
494 2215 567 2258 oum
593 2199 663 2284 φιλο
693 2194 880 2278 compositis
914 2195 960 2258 ita
983 2194 1015 2256 in
1040 2193 1079 2256 iis
1104 2215 1244 2278 quoque,

65 2319 156 2384 quae
180 2299 287 2382 priore
319 2299 389 2364 loeo
420 2303 483 2388 ἀρχ
513 2301 682 2385 praebent,
715 2310 835 2365 natura
869 2301 963 2364 huius
992 2299 1129 2362 membri
1152 2299 1244 2361 initio

62 2403 243 2468 nominalis
268 2415 354 2488 erat3
380 2408 439 2470 ita
456 2430 506 2471 res
537 2431 570 2471 se
599 2407 699 2472 hahet
733 2408 766 2471 in
782 2395 983 2497 ἀρχηγέτης.
1030 2403 1159 2470 Deinde
1183 2408 1246 2494 ἀρχ

64 2511 249 2576 verbaliter
287 2512 598 2599 interpretabantur,
638 2514 725 2600 quod
764 2514 1005 2577 demonstratur
1042 2512 1245 2596 compositis:

66 2621 237 2710 ἀρχτδίκης
262 2617 356 2684 Pind'.
374 2619 470 2708 Pyth.
496 2621 544 2683 IV
570 2621 633 2684 110
656 2620 719 2708 (od.
738 2619 869 2708 Christ.)
894 2617 1071 2708 ἀρχέκακος
1096 2618 1133 2683 II.
1152 2617 1183 2680 V
1202 2617 1244 2683 63

65 2725 189 2789 Aesoh.
214 2726 303 2794 Pers,
322 2727 396 2795 295:
444 2728 609 2814 Aristoph.
635 2727 717 2812 Equ.
745 2729 808 2791 104
832 2724 896 2812 (ed.
914 2726 1039 2802 Didot.)
1064 2729 1241 2812 ἀρχέπλοο-

65 2860 121 2908 τος
147 2832 245 2917 soph.
270 2833 319 2898 m.
347 2836 386 2898 τι
411 2835 476 2915 μα
499 2835 642 2918 Nauck).
690 2839 874 2923 ορχιπιαις
899 2832 995 2899 mnu
1012 2831 1174 2920 Pyram
1192 2810 1244 2895 5'4.

68 2943 303 3030 ἀρχεπτόλεμος
327 2940 365 3006 II.
391 2941 472 3005 VIII
500 2943 572 3007 128.
619 2945 847 3031 ἀρχεσίμολπος
881 2939 1018 3005 Stesioh.
1051 2961 1102 3023 ap.
1128 2938 1246 3002 Athen.

68 3071 104 3132 p.
132 3049 196 3114 180
219 3049 256 3113 E.
289 3051 463 3138 ἀρχέχορος
491 3048 601 3132 Eurip.
627 3048 747 3112 TroarI.
776 3048 838 3111 150
862 3047 926 3131 (erl.
952 3044 1145 3128 Kirohhoff).

180 3155 296 3220 Vooali
329 3183 342 3221 ε
376 3155 546 3219 manifeste
574 3163 721 3239 apparet,
746 3153 835 3238 prius
859 3151 1040 3216 membrum
1075 3173 1144 3212 esse
1176 3172 1247 3212 ver-

65 3265 194 3348 baIe.⁴)
241 3264 375 3328 Praeter
399 3266 476 3350 ἀρχα
500 3263 574 3350 ἀρχι
598 3283 726 3346 quoque
750 3259 924 3344 invenitur,
949 3258 1087 3342 primum
1112 3257 1144 3319 in
1169 3257 1246 3321 Eur.

70 3372 170 3462 Con.
194 3395 225 3436 v.
250 3373 316 3436 474
339 3374 551 3457 (ἀρχιτέκτων)
577 3378 608 3431 et
633 3367 721 3452 apud
746 3365 965 3444 Herodotum3
986 3361 1088 3448 'apud
1114 3364 1248 3449 posteri*

65 3502 168 3546 orum
200 3491 381 3563 temporum
415 3477 591 3561 scriptores
622 3475 702 3537 haee
731 3473 837 3536 forma
872 3471 1062 3554 saepisshne
1095 3470 1246 3550 occurrit,

69 3587 218 3651 maxime
242 3585 328 3670 apud
348 3583 560 3670 Byzantinos,
586 3580 641 3666 qui
665 3603 704 3643 ea
728 3577 770 3642 ad
796 3577 896 3642 multa
912 3576 967 3640 iIIa
989 3599 1124 3640 munera
1141 3575 1249 3640 aulica
1328 3641 1332 3652 ,

68 3692 275 3779 appellanda
299 3691 483 3757 utebantur.
531 3693 604 3778 ἀρχι
633 3711 675 3751 ex
699 3691 777 3775 ἀρχε
800 3685 974 3749 multorum
999 3683 1248 3768 compositorum

70 3799 230 3884 analogia
254 3809 359 3862 ortum
383 3807 439 3879 est,
476 3819 560 3882 quae
585 3795 693 3882 priore
725 3794 796 3860 Ioco
826 3791 993 3858 verbalem
1020 3793 1159 3854 formam
1183 3790 1216 3852 iu
1241 3818 1249 3856 ι

70 3916 251 3972 exeuntem
284 3903 455 3993 liabent.⁵)

186 4037 206 4100 ¹)
225 4034 358 4103 καρατόμα
376 4033 533 4100 Kayserus
553 4032 688 4084 carnemt.

186 4121 207 4190 ²)
227 4123 342 4177 Censeo
367 4119 440 4172 πέδον
465 4120 595 4191 ραντὴριον
621 4118 812 4172 scribendum
839 4132 914 4171 esse.
959 4116 1016 4179 (Ita
1039 4116 1098 4167 iam
1122 4114 1250 4167 Medioei

71 4229 186 4270 manns
207 4213 342 4268 secunda
361 4213 452 4277 feeit.)
489 4211 636 4266 Ninnrum
656 4207 786 4278 ραντηριον
806 4223 874 4260 oum
893 4206 983 4275 στέγην
1002 4203 1250 4271 coniungentium

70 4306 288 4361 accusativum
307 4300 378 4352 πέδον
397 4303 485 4370 regit.

187 4395 207 4460 3)
227 4393 291 4446 Iam
311 4392 508 4446 Oasaubonus
527 4387 704 4458 ἀνδροσράηιον
723 4388 887 4456 proposuit.

199 4486 208 4549 )
229 4485 266 4536 of.
286 4481 464 4535 Osthoffium
483 4479 501 4530 I.
521 4495 544 4531 e.
564 4495 593 4546 p.
613 4476 744 4530 163-65.

200 4576 209 4637 )
229 4572 288 4625 rid.
308 4572 388 4623 infra
407 4571 463 4623 sub
478 4567 542 4620 BII
562 4585 589 4636 al
606 4568 636 4636 b1
658 4571 687 4619 et
707 4564 929 4619 of.ClemmInm
944 4562 976 4616 0.
991 4560 1088 4617 StVII
1100 4577 1126 4628 p.
1140 4559 1174 4614 47
1186 4575 1251 4627 sqq.

187 4485 197 4515 4

187 4574 198 4605 5
