3108 5126
783 465 935 532 ,30

430 639 598 706 Medioeus
622 641 778 726 praebet:

642 759 733 838 μόνου
757 753 881 837 διαιρεῖν
905 751 1082 838 ὀξυμηνίτου
1106 752 1202 825 δίκας.

428 853 634 918 Wellauerus
660 856 691 918 in
716 854 821 920 lexico
846 855 1029 942 Aeschyleo
1054 855 1172 924 vortit:
1206 853 1388 942 ,iracundia
1411 877 1488 919 conr-

321 960 458 1026 missus’.
505 961 639 1026 Minime
664 972 771 1026 autem
801 961 862 1025 hoc
886 961 1026 1046 quadrat
1050 961 1082 1024 in
1108 959 1390 1050 Clytaemnestrae
1422 983 1486 1025 cae·
1531 1047 1532 1052 γ

323 1065 397 1130 dem
422 1065 477 1131 diu
501 1067 732 1150 excogitatam.

428 1171 559 1258 Optime
583 1174 754 1259 compositi
789 1174 954 1238 notionem
986 1173 1176 1238 scholiastes
1211 1175 1398 1259 perspexit:
1443 1175 1487 1264 ἐφ’
1544 1157 1545 1163 ¹

320 1281 399 1362 οῐςῑ)
422 1289 543 1368 ταχέως
568 1289 742 1370 μηνίουυοιν
767 1281 909 1368 Ἐμτνὺες.

427 1384 500 1465 Quo
525 1385 646 1450 scholio
678 1373 754 1451 usus
778 1387 941 1452 Porsonus
976 1395 1063 1451 recte
1094 1385 1264 1471 proposuit
1296 1389 1487 1478 detruncasse
1544 1391 1545 1450 Ῐ

318 1491 338 1556 i.
364 1514 391 1556 e.
418 1490 498 1580 ,lites
522 1503 656 1578 propter
680 1493 812 1561 caedent
838 1504 936 1576 ortas,
961 1515 1044 1580 quae
1069 1515 1179 1558 aerem
1202 1493 1285 1558 iram
1309 1493 1466 1560 afferunt'.

533 1601 589 1679 20)
613 1607 826 1677 ποινάλωτος
850 1605 901 1684 (x)
926 1601 966 1665 A.
991 1599 1068 1695 373.
1089 1599 1185 1664 Notio
1210 1609 1257 1664 est
1282 1599 1400 1666 activa.

530 1707 586 1792 21)
610 1715 872 1791 παγκαίνιστος
897 1707 945 1796 (x)
970 1707 1010 1772 A.
1035 1709 1109 1773 951.

533 1815 589 1900 22)
613 1817 878 1903 (πανοίμωκτος
902 1818 966 1900 (xl)
992 1811 1051 1879 Oh.
1076 1815 1150 1878 509.

317 1915 443 1983 Chorus
467 1919 724 2003 Agamemnonis
748 1929 867 1984 sortem
891 1923 1077 2008 ἀνοίμωκτον
1104 1929 1213 2002 vocat,
1251 1919 1303 1982 oui
1328 1917 1488 1982 adiectivo
1544 1903 1545 1908 ἵ

317 2023 506 2089 scholiastes
535 2025 687 2092 adnotat:
711 2033 984 2117 nolohporrlcmss)
1012 2023 1052 2090 Id
1077 2033 1199 2090 certum
1224 2035 1272 2090 est
1295 2023 1486 2090 scholiasten

316 2133 503 2218 ἀνομωκτος
521 2141 578 2196 aut
596 2155 660 2198 non
679 2132 796 2216 legisse
821 2142 876 2197 aut
898 2133 927 2196 ei
947 2155 1013 2198 non
1036 2131 1126 2196 illam
1145 2132 1417 2216 significationem
1435 2133 1488 2194 tri·
1544 2217 1545 2228 μ

315 2236 434 2321 buisse,
460 2261 557 2324 qnam
582 2240 780 2306 adiectivum
805 2239 865 2304 Oh.
888 2242 953 2304 432
977 2239 1090 2304 habet:
1124 2261 1198 2326 ,non
1222 2239 1304 2304 iuste
1331 2239 1487 2302 defletus'.
1544 2297 1545 2326 ,

316 2343 413 2423 Quod
436 2345 568 2408 minime
590 2345 624 2408 in
648 2345 763 2430 locum,
800 2345 840 2408 de
865 2367 928 2430 quo
949 2345 1067 2428 agitur,
1104 2344 1246 2424 caderet,
1272 2366 1344 2409 oum
1368 2342 1422 2408 hio
1448 2342 1487 2404 de
1544 2411 1545 2419 μ

313 2450 433 2516 misera
449 2452 704 2535 Agamemnonis
729 2460 825 2534 sorte,
851 2474 949 2537 quam
973 2451 1089 2515 chorus
1113 2460 1144 2514 et
1169 2473 1279 2514 omnes
1296 2451 1385 2514 cives
1410 2450 1488 2514 satis

315 2556 526 2642 defleverunt,
554 2557 658 2624 verba
681 2559 772 2641 fiant,
805 2547 871 2622 illio
896 2568 1006 2623 autem
1030 2557 1070 2622 de
1094 2559 1182 2643 turpi
1205 2559 1361 2643 iustisque
1387 2557 1487 2622 oacri-

314 2663 430 2726 moniis
454 2674 586 2728 carente
609 2665 722 2727 funere
747 2666 844 2747 regis

420 2769 558 2854 Legitur
582 2779 690 2834 autem
713 2770 831 2834 Aesoh.
856 2769 946 2836 Pers.
971 2771 1036 2835 468
1062 2774 1220 2859 ἀνοιμὼζω
1252 2770 1365 2834 eodem
1390 2792 1489 2834 sensu

313 2898 376 2963 quo
401 2875 540 2961 simplex
563 2876 702 2940 verbum
727 2879 855 2965 οἰμώζω.
904 2877 1029 2943 Credas
1055 2877 1095 2941 de
1119 2877 1180 2941 hoo
1204 2877 1306 2944 verbo
1330 2877 1488 2963 composi-

316 2992 385 3046 tum
410 2985 598 3072 ἀνοίμωκτος
623 2983 839 3048 derivandum
865 3006 943 3049 csse.
992 2984 1055 3050 Sed
1082 2984 1143 3048 hoe
1167 3007 1295 3070 quoque
1319 3005 1393 3048 mea
1417 2984 1487 3070 qui·
1544 2965 1545 2992 ³

313 3089 387 3152 dein
409 3091 569 3155 sententia
590 3090 829 3175 repudiandum
847 3103 894 3153 est
911 3099 942 3154 et
958 3100 1091 3176 propter
1111 3097 1376 3180 τολυθρηνήτου,
1400 3089 1488 3176 quod

311 3195 499 3260 scholiastes
525 3198 629 3281 affert,
662 3207 693 3260 et
717 3197 804 3282 quod
835 3207 921 3260 corte
946 3196 1129 3284 Aeschylus
1165 3219 1298 3282 operam
1331 3197 1490 3279 dedisset,

310 3327 351 3366 ne
376 3303 543 3368 audientes
567 3305 599 3366 in
617 3325 759 3367 errorem
776 3303 925 3382 mitteret,
951 3303 1017 3388 qui,
1042 3304 1068 3366 si
1086 3307 1274 3392 ἀνοίμωκτος
1292 3303 1485 3384 audiebant,

312 3410 411 3494 plane
447 3410 647 3493 nesciebant,
682 3417 790 3474 utrum
824 3409 886 3473 hoc
918 3409 1115 3474 vocabulum
1148 3409 1304 3496 ,defletus'
1341 3432 1382 3474 an
1409 3432 1488 3498 ,non

311 3515 456 3580 defletus'
484 3516 694 3598 significaret.
729 3516 840 3596 Quare
866 3517 986 3601 optime
1002 3515 1156 3580 Weilium
1180 3531 1234 3606 τῆς
1258 3525 1492 3605 τανοτμώκτου

309 3629 405 3711 τυχης
431 3621 599 3706 scripsisse
624 3644 750 3690 censeo.
1349 3628 1356 3644 “

522 3731 579 3816 23)
602 3740 836 3818 τάμπρεπτος
862 3736 912 3813 (x)
937 3731 977 3796 A.
1006 3732 1077 3795 120.

522 3837 577 3914 24)
602 3842 849 3925 πάμφθοτμτος
877 3837 927 3920 (x)
955 3834 1015 3899 Ch.
1043 3835 1118 3902 295.

414 3941 537 4008 Aetiva
561 3941 691 4004 notione
716 3941 929 4026 compositum
954 3941 1082 4004 dicitur.

522 4048 577 4129 25)
602 4058 853 4138 παντομυμτυς
878 4049 926 4133 (x)
949 4047 977 4110 E
1002 4049 1076 4111 557.

373 4220 375 4224 ,
419 4152 518 4220 schol.
536 4160 688 4222 πάντοθεν
701 4163 881 4243 συνηγμένα.
898 4162 1076 4244 τάμμυμτυς
1090 4153 1205 4216 eadem
1216 4153 1346 4217 notione
1358 4153 1493 4216 inveni·

306 4269 358 4324 tur
372 4260 514 4345 Oppiam.
526 4260 668 4324 Halieut.
684 4260 699 4322 l
713 4262 786 4326 779.
811 4261 875 4342 (ed.
889 4260 1092 4342 Schneider.)
1110 4260 1236 4325 Philon.
1253 4260 1270 4323 Ι
1287 4283 1318 4344 p.
1340 4258 1401 4323 148
1415 4267 1491 4341 τυ.3)

416 4408 436 4470 ¹)
457 4396 498 4465 οἷς
516 4405 719 4458 Linwoodius.

412 4495 433 4559 2)
453 4495 497 4546 ita
526 4493 667 4560 Engerus
696 4494 910 4546 verisimillime
936 4493 1047 4547 codicis
1082 4495 1262 4562 scripturam
1289 4489 1493 4562 πολυθρυλήτου

304 4584 446 4638 correxit.
584 4583 604 4648 8)
625 4581 638 4634 Ι
658 4599 686 4652 p.
707 4581 757 4635 211
778 4583 824 4636 ed.
844 4582 1007 4652 Lipsianae
1028 4581 1097 4636 1828
1116 4582 1169 4653 περὶ
1188 4588 1236 4632 τῶν
1254 4579 1383 4651 Χερουβὶμ
1402 4583 1418 4644 ξ
1445 4583 1495 4636 15.
