<?xml version="1.0" encoding="UTF-8"?>
<!DOCTYPE html PUBLIC "-//W3C//DTD XHTML 1.0 Transitional//EN"
    "http://www.w3.org/TR/xhtml1/DTD/xhtml1-transitional.dtd">
<html xmlns="http://www.w3.org/1999/xhtml" xml:lang="en" lang="en">
 <head>
  <title>
</title>
<meta http-equiv="Content-Type" content="text/html;charset=utf-8" />
  <meta name='ocr-system' content='tesseract 3.04.00' />
  <meta name='ocr-capabilities' content='ocr_page ocr_carea ocr_par ocr_line ocrx_word'/>
</head>
<body>
  <div class='ocr_page' id='page_1' title='image "./decompositisaes00genngoog_0024.png"; bbox 0 0 3108 5126; ppageno 0'>
   <div class='ocr_carea' id='block_1_1' title="bbox 656 443 704 539">
    <p class='ocr_par' dir='ltr' id='par_1_1' title="bbox 656 443 704 539">
     <span class='ocr_line' id='line_1_1' title="bbox 656 443 704 539; baseline 0.021 -1"><span class='ocrx_word' id='word_1_1' title='bbox 656 443 704 539; x_wconf 74' lang='lat'><strong>17&#39;</strong></span> 
     </span>
    </p>
   </div>
   <div class='ocr_carea' id='block_1_2' title="bbox 71 668 1256 2038">
    <p class='ocr_par' dir='ltr' id='par_1_2' title="bbox 71 668 1256 972">
     <span class='ocr_line' id='line_1_2' title="bbox 193 668 1256 759; baseline 0.002 -25"><span class='ocrx_word' id='word_1_2' title='bbox 193 670 322 734; x_wconf 82' lang='lat' dir='ltr'><strong>Usiteta</strong></span> <span class='ocrx_word' id='word_1_3' title='bbox 360 669 597 754; x_wconf 79' lang='lat' dir='ltr'><strong>significatione</strong></span> <span class='ocrx_word' id='word_1_4' title='bbox 634 669 857 757; x_wconf 46' lang='lat' dir='ltr'><strong>‘somniorum</strong></span> <span class='ocrx_word' id='word_1_5' title='bbox 879 668 1049 753; x_wconf 84' lang='lat' dir='ltr'><strong>interpres,</strong></span> <span class='ocrx_word' id='word_1_6' title='bbox 1091 669 1256 759; x_wconf 78' lang='grc' dir='ltr'><strong>ἀναλοτήμ’</strong></span> 
     </span>
     <span class='ocr_line' id='line_1_3' title="bbox 71 773 1256 864; baseline -0.002 -24"><span class='ocrx_word' id='word_1_7' title='bbox 71 774 242 864; x_wconf 80' lang='lat' dir='ltr'><strong>Aeschyli</strong></span> <span class='ocrx_word' id='word_1_8' title='bbox 265 775 420 840; x_wconf 87' lang='lat' dir='ltr'><strong>maiorem</strong></span> <span class='ocrx_word' id='word_1_9' title='bbox 444 785 523 840; x_wconf 87' lang='lat' dir='ltr'><strong>natu</strong></span> <span class='ocrx_word' id='word_1_10' title='bbox 558 773 729 860; x_wconf 88' lang='lat' dir='ltr'><strong>aequalem</strong></span> <span class='ocrx_word' id='word_1_11' title='bbox 752 773 938 858; x_wconf 79' lang='lat' dir='ltr'>Magnetem</span> <span class='ocrx_word' id='word_1_12' title='bbox 972 774 1184 859; x_wconf 83' lang='lat' dir='ltr'><strong>compositum</strong></span> <span class='ocrx_word' id='word_1_13' title='bbox 1222 776 1256 838; x_wconf 92' lang='lat' dir='ltr'><strong>in</strong></span> 
     </span>
     <span class='ocr_line' id='line_1_4' title="bbox 77 877 868 972; baseline -0.004 -24"><span class='ocrx_word' id='word_1_14' title='bbox 77 877 211 972; x_wconf 53' lang='lat' dir='ltr'><strong>‘Lydis’</strong></span> <span class='ocrx_word' id='word_1_15' title='bbox 239 881 427 948; x_wconf 79' lang='lat' dir='ltr'><strong>adhibuisse</strong></span> <span class='ocrx_word' id='word_1_16' title='bbox 451 881 558 946; x_wconf 87' lang='lat' dir='ltr'><strong>Julius</strong></span> <span class='ocrx_word' id='word_1_17' title='bbox 580 881 699 946; x_wconf 82' lang='lat' dir='ltr'>Pollux</span> <span class='ocrx_word' id='word_1_18' title='bbox 722 880 868 945; x_wconf 82' lang='lat' dir='ltr'><strong>tradidit.</strong></span> 
     </span>
    </p>

    <p class='ocr_par' dir='ltr' id='par_1_3' title="bbox 303 987 830 1078">
     <span class='ocr_line' id='line_1_5' title="bbox 303 987 830 1078; baseline -0.002 -26"><span class='ocrx_word' id='word_1_19' title='bbox 303 993 356 1070; x_wconf 88' lang='grc'><strong>10)</strong></span> <span class='ocrx_word' id='word_1_20' title='bbox 380 990 623 1078; x_wconf 76' lang='grc' dir='ltr'><strong>Ποθόμαντις</strong></span> <span class='ocrx_word' id='word_1_21' title='bbox 648 987 708 1054; x_wconf 80' lang='lat' dir='ltr'><strong>Oh.</strong></span> <span class='ocrx_word' id='word_1_22' title='bbox 734 987 830 1052; x_wconf 85' lang='grc'>1028.</span> 
     </span>
    </p>

    <p class='ocr_par' dir='ltr' id='par_1_4' title="bbox 193 1093 1254 1182">
     <span class='ocr_line' id='line_1_6' title="bbox 193 1093 1254 1182; baseline -0.003 -20"><span class='ocrx_word' id='word_1_23' title='bbox 193 1098 342 1162; x_wconf 85' lang='lat' dir='ltr'><strong>Priorem</strong></span> <span class='ocrx_word' id='word_1_24' title='bbox 366 1093 535 1182; x_wconf 80' lang='lat' dir='ltr'><strong>compositi</strong></span> <span class='ocrx_word' id='word_1_25' title='bbox 563 1105 690 1181; x_wconf 88' lang='lat' dir='ltr'><strong>partem</strong></span> <span class='ocrx_word' id='word_1_26' title='bbox 713 1094 843 1159; x_wconf 86' lang='lat' dir='ltr'><strong>looativi</strong></span> <span class='ocrx_word' id='word_1_27' title='bbox 869 1094 940 1158; x_wconf 89' lang='lat' dir='ltr'><strong>looo</strong></span> <span class='ocrx_word' id='word_1_28' title='bbox 965 1116 1035 1158; x_wconf 86' lang='lat' dir='ltr'><strong>esse</strong></span> <span class='ocrx_word' id='word_1_29' title='bbox 1060 1117 1185 1161; x_wconf 84' lang='lat' dir='ltr'><strong>censeo.</strong></span> <span class='ocrx_word' id='word_1_30' title='bbox 1213 1096 1254 1160; x_wconf 84' lang='lat' dir='ltr'><strong>ef.</strong></span> 
     </span>
    </p>

    <p class='ocr_par' dir='ltr' id='par_1_5' title="bbox 84 1200 977 1400">
     <span class='ocr_line' id='line_1_7' title="bbox 84 1200 977 1287; baseline -0.004 -19"><span class='ocrx_word' id='word_1_31' title='bbox 84 1203 150 1269; x_wconf 77' lang='lat' dir='ltr'><strong>Oh.</strong></span> <span class='ocrx_word' id='word_1_32' title='bbox 177 1207 253 1270; x_wconf 81' lang='lat'><strong>900.</strong></span> <span class='ocrx_word' id='word_1_33' title='bbox 277 1205 351 1270; x_wconf 84' lang='lat'><strong>939.</strong></span> <span class='ocrx_word' id='word_1_34' title='bbox 376 1203 416 1270; x_wconf 88' lang='lat' dir='ltr'><strong>A.</strong></span> <span class='ocrx_word' id='word_1_35' title='bbox 444 1205 538 1268; x_wconf 74' lang='lat'><strong>1254.</strong></span> <span class='ocrx_word' id='word_1_36' title='bbox 563 1201 663 1287; x_wconf 85' lang='lat' dir='ltr'><strong>Soph.</strong></span> <span class='ocrx_word' id='word_1_37' title='bbox 688 1200 770 1266; x_wconf 80' lang='lat' dir='ltr'><strong>Oed.</strong></span> <span class='ocrx_word' id='word_1_38' title='bbox 792 1201 832 1266; x_wconf 88' lang='lat' dir='ltr'><strong>R.</strong></span> <span class='ocrx_word' id='word_1_39' title='bbox 858 1201 932 1268; x_wconf 74' lang='lat'><strong>965.</strong></span> <span class='ocrx_word' id='word_1_40' title='bbox 975 1241 977 1246; x_wconf 79' lang='lat'><strong>.</strong></span> 
     </span>
     <span class='ocr_line' id='line_1_8' title="bbox 304 1307 867 1400; baseline -0.002 -26"><span class='ocrx_word' id='word_1_41' title='bbox 304 1310 358 1392; x_wconf 93' lang='grc'><strong>11)</strong></span> <span class='ocrx_word' id='word_1_42' title='bbox 382 1316 631 1400; x_wconf 78' lang='grc' dir='ltr'><strong>φιτοτοίμην</strong></span> <span class='ocrx_word' id='word_1_43' title='bbox 655 1310 705 1394; x_wconf 79' lang='lat' dir='ltr'><strong>(x)</strong></span> <span class='ocrx_word' id='word_1_44' title='bbox 729 1307 768 1371; x_wconf 87' lang='lat' dir='ltr'><strong>E.</strong></span> <span class='ocrx_word' id='word_1_45' title='bbox 792 1309 867 1373; x_wconf 83' lang='lat'><strong>912.</strong></span> 
     </span>
    </p>

    <p class='ocr_par' dir='ltr' id='par_1_6' title="bbox 77 1411 1255 1718">
     <span class='ocr_line' id='line_1_9' title="bbox 193 1411 1255 1506; baseline -0.002 -27"><span class='ocrx_word' id='word_1_46' title='bbox 193 1414 361 1480; x_wconf 85' lang='lat' dir='ltr'><strong>Medioeus</strong></span> <span class='ocrx_word' id='word_1_47' title='bbox 400 1415 515 1480; x_wconf 90' lang='lat' dir='ltr'><strong>habet:</strong></span> <span class='ocrx_word' id='word_1_48' title='bbox 551 1411 771 1506; x_wconf 78' lang='grc' dir='ltr'><strong>φῖτοποιμένος.</strong></span> <span class='ocrx_word' id='word_1_49' title='bbox 817 1413 999 1478; x_wconf 88' lang='lat' dir='ltr'><strong>Aeoentum</strong></span> <span class='ocrx_word' id='word_1_50' title='bbox 1023 1413 1166 1478; x_wconf 81' lang='lat' dir='ltr'><strong>correxit</strong></span> <span class='ocrx_word' id='word_1_51' title='bbox 1188 1413 1255 1477; x_wconf 95' lang='lat' dir='ltr'><strong>Lo-</strong></span> 
     </span>
     <span class='ocr_line' id='line_1_10' title="bbox 78 1517 1255 1608; baseline -0.002 -22"><span class='ocrx_word' id='word_1_52' title='bbox 78 1522 231 1587; x_wconf 74' lang='lat' dir='ltr'><strong>beokius&#39;</strong></span> <span class='ocrx_word' id='word_1_53' title='bbox 247 1521 391 1606; x_wconf 88' lang='lat' dir='ltr'><strong>Paralip.</strong></span> <span class='ocrx_word' id='word_1_54' title='bbox 409 1545 441 1606; x_wconf 92' lang='lat' dir='ltr'><strong>p.</strong></span> <span class='ocrx_word' id='word_1_55' title='bbox 461 1523 540 1588; x_wconf 83' lang='lat'>195:</span> <span class='ocrx_word' id='word_1_56' title='bbox 568 1517 755 1608; x_wconf 76' lang='lat' dir='ltr'><strong>„Onytbna²</strong></span> <span class='ocrx_word' id='word_1_57' title='bbox 780 1542 854 1584; x_wconf 88' lang='lat' dir='ltr'><strong>eum</strong></span> <span class='ocrx_word' id='word_1_58' title='bbox 875 1529 1122 1605; x_wconf 80' lang='lat' dir='ltr'><strong>componuntur,</strong></span> <span class='ocrx_word' id='word_1_59' title='bbox 1140 1543 1255 1586; x_wconf 79' lang='lat' dir='ltr'><strong>aecen-</strong></span> 
     </span>
     <span class='ocr_line' id='line_1_11' title="bbox 77 1629 905 1718; baseline -0.005 -26"><span class='ocrx_word' id='word_1_60' title='bbox 77 1639 153 1692; x_wconf 87' lang='lat' dir='ltr'><strong>tum</strong></span> <span class='ocrx_word' id='word_1_61' title='bbox 177 1638 313 1713; x_wconf 80' lang='lat' dir='ltr'><strong>mutant,</strong></span> <span class='ocrx_word' id='word_1_62' title='bbox 346 1633 518 1718; x_wconf 79' lang='grc' dir='ltr'><strong>μελλείμην,</strong></span> <span class='ocrx_word' id='word_1_63' title='bbox 543 1629 748 1717; x_wconf 69' lang='grc' dir='ltr'><strong>ἀρχιτοίμην“</strong></span> <span class='ocrx_word' id='word_1_64' title='bbox 775 1635 836 1691; x_wconf 87' lang='lat' dir='ltr'><strong>eto.</strong></span> <span class='ocrx_word' id='word_1_65' title='bbox 904 1655 905 1658; x_wconf 39' lang='lat'>¹</span> 
     </span>
    </p>

    <p class='ocr_par' dir='ltr' id='par_1_7' title="bbox 301 1725 916 1822">
     <span class='ocr_line' id='line_1_12' title="bbox 301 1725 916 1822; baseline 0.005 -23"><span class='ocrx_word' id='word_1_66' title='bbox 301 1735 354 1820; x_wconf 85' lang='lat'><strong>12)</strong></span> <span class='ocrx_word' id='word_1_67' title='bbox 379 1744 679 1822; x_wconf 83' lang='grc' dir='ltr'><strong>στρατόμαντις</strong></span> <span class='ocrx_word' id='word_1_68' title='bbox 703 1738 714 1817; x_wconf 90' lang='lat'>(</span> <span class='ocrx_word' id='word_1_69' title='bbox 738 1735 750 1819; x_wconf 92' lang='grc'>)</span> <span class='ocrx_word' id='word_1_70' title='bbox 774 1733 815 1798; x_wconf 88' lang='lat' dir='ltr'><strong>A.</strong></span> <span class='ocrx_word' id='word_1_71' title='bbox 843 1725 916 1800; x_wconf 82' lang='lat'><strong>125.</strong></span> 
     </span>
    </p>

    <p class='ocr_par' dir='ltr' id='par_1_8' title="bbox 191 1839 390 1927">
     <span class='ocr_line' id='line_1_13' title="bbox 191 1839 390 1927; baseline 0 -21"><span class='ocrx_word' id='word_1_72' title='bbox 191 1839 390 1927; x_wconf 88' lang='lat' dir='ltr'><strong>Appendix:</strong></span> 
     </span>
    </p>

    <p class='ocr_par' dir='ltr' id='par_1_9' title="bbox 304 1947 804 2038">
     <span class='ocr_line' id='line_1_14' title="bbox 304 1947 804 2038; baseline -0.006 -24"><span class='ocrx_word' id='word_1_73' title='bbox 304 1952 333 2034; x_wconf 91' lang='grc'><strong>1)</strong></span> <span class='ocrx_word' id='word_1_74' title='bbox 358 1951 620 2038; x_wconf 74' lang='grc' dir='ltr'>χειρωναξία</span> <span class='ocrx_word' id='word_1_75' title='bbox 644 1947 702 2014; x_wconf 79' lang='lat' dir='ltr'><strong>Oh.</strong></span> <span class='ocrx_word' id='word_1_76' title='bbox 731 1948 804 2012; x_wconf 75' lang='lat'><strong>757.</strong></span> 
     </span>
    </p>
   </div>
   <div class='ocr_carea' id='block_1_3' title="bbox 190 2053 1254 2252">
    <p class='ocr_par' dir='ltr' id='par_1_10' title="bbox 190 2053 1254 2252">
     <span class='ocr_line' id='line_1_15' title="bbox 301 2053 879 2145; baseline 0.002 -26"><span class='ocrx_word' id='word_1_77' title='bbox 301 2056 333 2144; x_wconf 85' lang='lat'><strong>2)</strong></span> <span class='ocrx_word' id='word_1_78' title='bbox 358 2059 672 2145; x_wconf 76' lang='grc' dir='ltr'><strong>πατραδέλφεια</strong></span> <span class='ocrx_word' id='word_1_79' title='bbox 696 2056 743 2142; x_wconf 77' lang='lat' dir='ltr'><strong>(x)</strong></span> <span class='ocrx_word' id='word_1_80' title='bbox 769 2053 801 2118; x_wconf 85' lang='lat' dir='ltr'><strong>S.</strong></span> <span class='ocrx_word' id='word_1_81' title='bbox 826 2053 879 2120; x_wconf 87' lang='lat'><strong>38.</strong></span> 
     </span>
     <span class='ocr_line' id='line_1_16' title="bbox 190 2160 1254 2252; baseline 0.001 -28"><span class='ocrx_word' id='word_1_82' title='bbox 190 2161 294 2226; x_wconf 87' lang='lat' dir='ltr'><strong>Med:</strong></span> <span class='ocrx_word' id='word_1_83' title='bbox 321 2166 546 2252; x_wconf 76' lang='grc' dir='ltr'><strong>πατραδελμίαν</strong></span> <span class='ocrx_word' id='word_1_84' title='bbox 570 2165 630 2247; x_wconf 83' lang='lat' dir='ltr'>(x),</span> <span class='ocrx_word' id='word_1_85' title='bbox 655 2160 743 2247; x_wconf 88' lang='lat' dir='ltr'><strong>quod</strong></span> <span class='ocrx_word' id='word_1_86' title='bbox 766 2160 862 2224; x_wconf 89' lang='lat' dir='ltr'><strong>metri</strong></span> <span class='ocrx_word' id='word_1_87' title='bbox 885 2183 985 2224; x_wconf 84' lang='lat' dir='ltr'><strong>eausa</strong></span> <span class='ocrx_word' id='word_1_88' title='bbox 1007 2160 1160 2225; x_wconf 89' lang='lat' dir='ltr'><strong>Pauwius</strong></span> <span class='ocrx_word' id='word_1_89' title='bbox 1185 2183 1254 2225; x_wconf 87' lang='lat' dir='ltr'><strong>cor-</strong></span> 
     </span>
    </p>
   </div>
   <div class='ocr_carea' id='block_1_4' title="bbox 75 2269 1254 2462">
    <p class='ocr_par' dir='ltr' id='par_1_11' title="bbox 75 2269 1254 2462">
     <span class='ocr_line' id='line_1_17' title="bbox 75 2269 179 2334; baseline 0.01 -2"><span class='ocrx_word' id='word_1_90' title='bbox 75 2269 179 2334; x_wconf 84' lang='lat' dir='ltr'><strong>rexit.</strong></span> 
     </span>
     <span class='ocr_line' id='line_1_18' title="bbox 127 2343 1254 2462; baseline -0.004 -19"><span class='ocrx_word' id='word_1_91' title='bbox 127 2375 186 2443; x_wconf 94' lang='lat' dir='ltr'><strong>l2.</strong></span> <span class='ocrx_word' id='word_1_92' title='bbox 229 2375 334 2440; x_wconf 90' lang='lat' dir='ltr'><strong>Huius</strong></span> <span class='ocrx_word' id='word_1_93' title='bbox 359 2397 488 2462; x_wconf 87' lang='lat' dir='ltr'><strong>quoque</strong></span> <span class='ocrx_word' id='word_1_94' title='bbox 504 2374 616 2438; x_wconf 88' lang='lat' dir='ltr'><strong>elassis</strong></span> <span class='ocrx_word' id='word_1_95' title='bbox 634 2343 816 2459; x_wconf 65' lang='lat' dir='ltr'><strong>oomposita⁵</strong></span> <span class='ocrx_word' id='word_1_96' title='bbox 828 2374 861 2436; x_wconf 91' lang='lat' dir='ltr'><strong>in</strong></span> <span class='ocrx_word' id='word_1_97' title='bbox 885 2371 1007 2438; x_wconf 88' lang='lat' dir='ltr'><strong>litteras</strong></span> <span class='ocrx_word' id='word_1_98' title='bbox 1025 2373 1153 2458; x_wconf 81' lang='lat' dir='ltr'><strong>digesta</strong></span> <span class='ocrx_word' id='word_1_99' title='bbox 1170 2383 1254 2439; x_wconf 88' lang='lat' dir='ltr'><strong>sunt.</strong></span> 
     </span>
    </p>
   </div>
   <div class='ocr_carea' id='block_1_5' title="bbox 68 2481 1316 4601">
    <p class='ocr_par' dir='ltr' id='par_1_12' title="bbox 301 2481 905 2572">
     <span class='ocr_line' id='line_1_19' title="bbox 301 2481 905 2572; baseline 0.002 -27"><span class='ocrx_word' id='word_1_100' title='bbox 301 2485 332 2564; x_wconf 95' lang='grc'><strong>1)</strong></span> <span class='ocrx_word' id='word_1_101' title='bbox 358 2485 645 2572; x_wconf 78' lang='grc' dir='ltr'><strong>ἀληθόμαντις</strong></span> <span class='ocrx_word' id='word_1_102' title='bbox 669 2483 718 2564; x_wconf 85' lang='lat' dir='ltr'><strong>(x)</strong></span> <span class='ocrx_word' id='word_1_103' title='bbox 743 2482 783 2547; x_wconf 88' lang='lat' dir='ltr'><strong>A.</strong></span> <span class='ocrx_word' id='word_1_104' title='bbox 812 2481 905 2546; x_wconf 87' lang='grc'>1240.</span> 
     </span>
    </p>

    <p class='ocr_par' dir='ltr' id='par_1_13' title="bbox 72 2586 1316 3210">
     <span class='ocr_line' id='line_1_20' title="bbox 194 2586 1316 2678; baseline -0.002 -24"><span class='ocrx_word' id='word_1_105' title='bbox 194 2589 235 2655; x_wconf 76' lang='lat' dir='ltr'><strong>G.</strong></span> <span class='ocrx_word' id='word_1_106' title='bbox 259 2589 412 2678; x_wconf 81' lang='lat' dir='ltr'><strong>Meyerus</strong></span> <span class='ocrx_word' id='word_1_107' title='bbox 446 2588 483 2654; x_wconf 84' lang='lat' dir='ltr'><strong>O.</strong></span> <span class='ocrx_word' id='word_1_108' title='bbox 508 2589 554 2655; x_wconf 87' lang='lat' dir='ltr'><strong>St.</strong></span> <span class='ocrx_word' id='word_1_109' title='bbox 579 2587 627 2652; x_wconf 91' lang='lat' dir='ltr'><strong>VI</strong></span> <span class='ocrx_word' id='word_1_110' title='bbox 651 2610 683 2673; x_wconf 91' lang='lat' dir='ltr'><strong>p.</strong></span> <span class='ocrx_word' id='word_1_111' title='bbox 708 2589 772 2652; x_wconf 83' lang='lat'><strong>252</strong></span> <span class='ocrx_word' id='word_1_112' title='bbox 797 2586 964 2650; x_wconf 81' lang='lat' dir='ltr'><strong>contendit</strong></span> <span class='ocrx_word' id='word_1_113' title='bbox 992 2587 1026 2650; x_wconf 90' lang='lat' dir='ltr'><strong>in</strong></span> <span class='ocrx_word' id='word_1_114' title='bbox 1056 2588 1254 2672; x_wconf 77' lang='lat' dir='ltr'><strong>compositis,</strong></span> <span class='ocrx_word' id='word_1_115' title='bbox 1313 2587 1316 2593; x_wconf 75' lang='grc'><strong>’</strong></span> 
     </span>
     <span class='ocr_line' id='line_1_21' title="bbox 76 2695 1253 2785; baseline 0 -25"><span class='ocrx_word' id='word_1_116' title='bbox 76 2717 168 2781; x_wconf 84' lang='lat' dir='ltr'><strong>quae</strong></span> <span class='ocrx_word' id='word_1_117' title='bbox 181 2696 328 2785; x_wconf 83' lang='grc' dir='ltr'>111μαντις</span> <span class='ocrx_word' id='word_1_118' title='bbox 341 2706 471 2779; x_wconf 83' lang='lat' dir='ltr'><strong>exeant,</strong></span> <span class='ocrx_word' id='word_1_119' title='bbox 484 2705 519 2760; x_wconf 91' lang='lat' dir='ltr'><strong>ut</strong></span> <span class='ocrx_word' id='word_1_120' title='bbox 529 2706 733 2784; x_wconf 80' lang='grc' dir='ltr'><strong>ντκρόμαντις,</strong></span> <span class='ocrx_word' id='word_1_121' title='bbox 744 2697 946 2784; x_wconf 79' lang='grc' dir='ltr'><strong>ὀνειρόμαντις</strong></span> <span class='ocrx_word' id='word_1_122' title='bbox 956 2695 1160 2783; x_wconf 77' lang='grc' dir='ltr'><strong>οἰωνόμαντις,</strong></span> <span class='ocrx_word' id='word_1_123' title='bbox 1172 2696 1253 2782; x_wconf 75' lang='lat' dir='ltr'><strong>aliie,</strong></span> 
     </span>
     <span class='ocr_line' id='line_1_22' title="bbox 77 2801 1254 2889; baseline 0.001 -23"><span class='ocrx_word' id='word_1_124' title='bbox 77 2802 265 2868; x_wconf 87' lang='lat' dir='ltr'><strong>membrum</strong></span> <span class='ocrx_word' id='word_1_125' title='bbox 283 2804 442 2889; x_wconf 84' lang='lat' dir='ltr'><strong>posterius</strong></span> <span class='ocrx_word' id='word_1_126' title='bbox 456 2802 622 2868; x_wconf 85' lang='lat' dir='ltr'><strong>verbalem</strong></span> <span class='ocrx_word' id='word_1_127' title='bbox 639 2812 791 2866; x_wconf 83' lang='lat' dir='ltr'><strong>naturam</strong></span> <span class='ocrx_word' id='word_1_128' title='bbox 804 2801 942 2866; x_wconf 91' lang='lat' dir='ltr'><strong>nominis</strong></span> <span class='ocrx_word' id='word_1_129' title='bbox 959 2802 1085 2886; x_wconf 82' lang='lat' dir='ltr'><strong>agentis</strong></span> <span class='ocrx_word' id='word_1_130' title='bbox 1099 2802 1254 2888; x_wconf 89' lang='lat' dir='ltr'><strong>quodam·</strong></span> 
     </span>
     <span class='ocr_line' id='line_1_23' title="bbox 74 2908 1255 2995; baseline 0 -21"><span class='ocrx_word' id='word_1_131' title='bbox 74 2909 178 2975; x_wconf 87' lang='lat' dir='ltr'><strong>modo</strong></span> <span class='ocrx_word' id='word_1_132' title='bbox 202 2910 343 2974; x_wconf 86' lang='lat' dir='ltr'><strong>retinere</strong></span> <span class='ocrx_word' id='word_1_133' title='bbox 367 2920 398 2974; x_wconf 91' lang='lat' dir='ltr'><strong>et</strong></span> <span class='ocrx_word' id='word_1_134' title='bbox 422 2910 511 2995; x_wconf 87' lang='lat' dir='ltr'><strong>prius</strong></span> <span class='ocrx_word' id='word_1_135' title='bbox 534 2919 570 2974; x_wconf 90' lang='lat' dir='ltr'><strong>ut</strong></span> <span class='ocrx_word' id='word_1_136' title='bbox 593 2909 755 2973; x_wconf 78' lang='lat' dir='ltr'><strong>obiectum</strong></span> <span class='ocrx_word' id='word_1_137' title='bbox 778 2930 904 2992; x_wconf 82' lang='lat' dir='ltr'><strong>regere.</strong></span> <span class='ocrx_word' id='word_1_138' title='bbox 928 2908 1036 2989; x_wconf 78' lang='lat' dir='ltr'><strong>Quam</strong></span> <span class='ocrx_word' id='word_1_139' title='bbox 1061 2911 1255 2974; x_wconf 88' lang='lat' dir='ltr'><strong>sententiam</strong></span> 
     </span>
     <span class='ocr_line' id='line_1_24' title="bbox 72 3014 1254 3102; baseline -0.001 -21"><span class='ocrx_word' id='word_1_140' title='bbox 72 3015 257 3082; x_wconf 79' lang='lat' dir='ltr'><strong>clemmius</strong></span> <span class='ocrx_word' id='word_1_141' title='bbox 276 3017 313 3083; x_wconf 81' lang='lat' dir='ltr'><strong>O.</strong></span> <span class='ocrx_word' id='word_1_142' title='bbox 331 3015 376 3083; x_wconf 86' lang='lat' dir='ltr'><strong>St.</strong></span> <span class='ocrx_word' id='word_1_143' title='bbox 394 3016 461 3080; x_wconf 89' lang='lat' dir='ltr'><strong>VII</strong></span> <span class='ocrx_word' id='word_1_144' title='bbox 477 3017 529 3100; x_wconf 85' lang='lat'><strong>85,</strong></span> <span class='ocrx_word' id='word_1_145' title='bbox 555 3017 660 3081; x_wconf 89' lang='lat' dir='ltr'><strong>oausis</strong></span> <span class='ocrx_word' id='word_1_146' title='bbox 684 3015 815 3080; x_wconf 87' lang='lat' dir='ltr'><strong>minime</strong></span> <span class='ocrx_word' id='word_1_147' title='bbox 839 3014 955 3099; x_wconf 82' lang='lat' dir='ltr'><strong>allatis,</strong></span> <span class='ocrx_word' id='word_1_148' title='bbox 980 3026 1158 3102; x_wconf 82' lang='lat' dir='ltr'><strong>oppugnat.</strong></span> <span class='ocrx_word' id='word_1_149' title='bbox 1198 3017 1254 3080; x_wconf 85' lang='lat' dir='ltr'><strong>Ad</strong></span> 
     </span>
     <span class='ocr_line' id='line_1_25' title="bbox 77 3120 942 3210; baseline -0.005 -22"><span class='ocrx_word' id='word_1_150' title='bbox 77 3122 213 3210; x_wconf 88' lang='lat' dir='ltr'><strong>Meyeri</strong></span> <span class='ocrx_word' id='word_1_151' title='bbox 236 3123 428 3188; x_wconf 85' lang='lat' dir='ltr'><strong>sententiam</strong></span> <span class='ocrx_word' id='word_1_152' title='bbox 453 3120 709 3187; x_wconf 82' lang='lat' dir='ltr'><strong>confirmandam</strong></span> <span class='ocrx_word' id='word_1_153' title='bbox 732 3121 813 3186; x_wconf 85' lang='lat' dir='ltr'><strong>haee</strong></span> <span class='ocrx_word' id='word_1_154' title='bbox 837 3121 942 3185; x_wconf 88' lang='lat' dir='ltr'><strong>addo:</strong></span> 
     </span>
    </p>

    <p class='ocr_par' dir='ltr' id='par_1_14' title="bbox 189 3228 1218 3316">
     <span class='ocr_line' id='line_1_26' title="bbox 189 3228 1218 3316; baseline 0.005 -24"><span class='ocrx_word' id='word_1_155' title='bbox 189 3229 266 3294; x_wconf 83' lang='lat' dir='ltr'><strong>Eur.</strong></span> <span class='ocrx_word' id='word_1_156' title='bbox 292 3228 373 3294; x_wconf 83' lang='grc' dir='ltr'><strong>Ηοο.</strong></span> <span class='ocrx_word' id='word_1_157' title='bbox 401 3230 500 3293; x_wconf 81' lang='lat'>1245:</span> <span class='ocrx_word' id='word_1_158' title='bbox 526 3231 566 3310; x_wconf 87' lang='grc' dir='ltr'>Ὁ</span> <span class='ocrx_word' id='word_1_159' title='bbox 588 3231 707 3316; x_wconf 77' lang='grc' dir='ltr'><strong>Θρῃξὶ</strong></span> <span class='ocrx_word' id='word_1_160' title='bbox 732 3236 861 3316; x_wconf 85' lang='grc' dir='ltr'><strong>μάντις</strong></span> <span class='ocrx_word' id='word_1_161' title='bbox 885 3229 947 3294; x_wconf 83' lang='grc' dir='ltr'>εἶπε</span> <span class='ocrx_word' id='word_1_162' title='bbox 970 3229 1115 3304; x_wconf 82' lang='grc' dir='ltr'><strong>Διόνυσος</strong></span> <span class='ocrx_word' id='word_1_163' title='bbox 1138 3233 1218 3297; x_wconf 84' lang='grc' dir='ltr'><strong>τάδε.</strong></span> 
     </span>
    </p>

    <p class='ocr_par' dir='ltr' id='par_1_15' title="bbox 190 3333 1154 3424">
     <span class='ocr_line' id='line_1_27' title="bbox 190 3333 1154 3424; baseline 0.001 -25"><span class='ocrx_word' id='word_1_164' title='bbox 190 3336 268 3402; x_wconf 84' lang='lat' dir='ltr'><strong>Eur.</strong></span> <span class='ocrx_word' id='word_1_165' title='bbox 295 3333 352 3402; x_wconf 92' lang='lat' dir='ltr'><strong>Or.</strong></span> <span class='ocrx_word' id='word_1_166' title='bbox 377 3337 457 3402; x_wconf 67' lang='lat'><strong>355:</strong></span> <span class='ocrx_word' id='word_1_167' title='bbox 482 3337 498 3402; x_wconf 87' lang='grc' dir='ltr'><strong>ὁ</strong></span> <span class='ocrx_word' id='word_1_168' title='bbox 521 3340 738 3404; x_wconf 77' lang='grc' dir='ltr'><strong>ναυτίλοισι</strong></span> <span class='ocrx_word' id='word_1_169' title='bbox 762 3343 893 3423; x_wconf 85' lang='grc' dir='ltr'><strong>μάντις</strong></span> <span class='ocrx_word' id='word_1_170' title='bbox 917 3335 1070 3422; x_wconf 76' lang='grc' dir='ltr'><strong>ἐξήγγειλέ</strong></span> <span class='ocrx_word' id='word_1_171' title='bbox 1092 3361 1154 3424; x_wconf 88' lang='grc' dir='ltr'><strong>μοι.</strong></span> 
     </span>
    </p>

    <p class='ocr_par' dir='ltr' id='par_1_16' title="bbox 190 3440 1208 3531">
     <span class='ocr_line' id='line_1_28' title="bbox 190 3440 1208 3531; baseline 0.004 -25"><span class='ocrx_word' id='word_1_172' title='bbox 190 3441 268 3510; x_wconf 84' lang='lat' dir='ltr'><strong>Eur.</strong></span> <span class='ocrx_word' id='word_1_173' title='bbox 294 3441 423 3510; x_wconf 74' lang='lat' dir='ltr'><strong>Heraol.</strong></span> <span class='ocrx_word' id='word_1_174' title='bbox 451 3445 508 3508; x_wconf 76' lang='lat'><strong>65:</strong></span> <span class='ocrx_word' id='word_1_175' title='bbox 533 3451 675 3530; x_wconf 84' lang='grc' dir='ltr'><strong>μάντις</strong></span> <span class='ocrx_word' id='word_1_176' title='bbox 699 3441 724 3508; x_wconf 85' lang='grc' dir='ltr'><strong>δ’</strong></span> <span class='ocrx_word' id='word_1_177' title='bbox 749 3442 824 3531; x_wconf 76' lang='grc' dir='ltr'><strong>ἧσθ’</strong></span> <span class='ocrx_word' id='word_1_178' title='bbox 850 3442 899 3529; x_wconf 74' lang='grc' dir='ltr'><strong>ἄρ’</strong></span> <span class='ocrx_word' id='word_1_179' title='bbox 925 3440 959 3509; x_wconf 76' lang='grc' dir='ltr'><strong>οὐ</strong></span> <span class='ocrx_word' id='word_1_180' title='bbox 983 3447 1080 3518; x_wconf 79' lang='grc' dir='ltr'><strong>καλὸς</strong></span> <span class='ocrx_word' id='word_1_181' title='bbox 1102 3448 1208 3512; x_wconf 82' lang='grc' dir='ltr'><strong>τάδε.</strong></span> 
     </span>
    </p>

    <p class='ocr_par' dir='ltr' id='par_1_17' title="bbox 295 3541 968 3849">
     <span class='ocr_line' id='line_1_29' title="bbox 295 3541 834 3636; baseline 0.002 -25"><span class='ocrx_word' id='word_1_182' title='bbox 295 3550 329 3634; x_wconf 91' lang='grc'><strong>2)</strong></span> <span class='ocrx_word' id='word_1_183' title='bbox 352 3541 604 3636; x_wconf 82' lang='grc' dir='ltr'><strong>κοινοβωμία</strong></span> <span class='ocrx_word' id='word_1_184' title='bbox 627 3550 676 3631; x_wconf 86' lang='lat' dir='ltr'><strong>(x)</strong></span> <span class='ocrx_word' id='word_1_185' title='bbox 700 3547 733 3612; x_wconf 84' lang='lat' dir='ltr'><strong>S.</strong></span> <span class='ocrx_word' id='word_1_186' title='bbox 758 3548 834 3614; x_wconf 71' lang='lat'><strong>228.</strong></span> 
     </span>
     <span class='ocr_line' id='line_1_30' title="bbox 297 3656 968 3742; baseline -0.003 -18"><span class='ocrx_word' id='word_1_187' title='bbox 297 3664 416 3724; x_wconf 82' lang='grc' dir='ltr'><strong>πάντων</strong></span> <span class='ocrx_word' id='word_1_188' title='bbox 440 3656 466 3722; x_wconf 81' lang='grc' dir='ltr'><strong>δ’</strong></span> <span class='ocrx_word' id='word_1_189' title='bbox 492 3659 628 3724; x_wconf 81' lang='grc' dir='ltr'><strong>ἀνάκτων</strong></span> <span class='ocrx_word' id='word_1_190' title='bbox 651 3658 743 3722; x_wconf 82' lang='grc' dir='ltr'><strong>τῶνδε</strong></span> <span class='ocrx_word' id='word_1_191' title='bbox 766 3660 968 3742; x_wconf 82' lang='grc' dir='ltr'><strong>κοινοβωμίαν</strong></span> 
     </span>
     <span class='ocr_line' id='line_1_31' title="bbox 297 3762 437 3849; baseline 0 -21"><span class='ocrx_word' id='word_1_192' title='bbox 297 3762 437 3849; x_wconf 73' lang='grc' dir='ltr'><strong>Σέβεοθ’.</strong></span> 
     </span>
    </p>

    <p class='ocr_par' dir='ltr' id='par_1_18' title="bbox 69 3868 1254 4274">
     <span class='ocr_line' id='line_1_32' title="bbox 189 3868 1254 3955; baseline 0.002 -23"><span class='ocrx_word' id='word_1_193' title='bbox 189 3868 261 3932; x_wconf 90' lang='grc' dir='ltr'><strong>Ηοο</strong></span> <span class='ocrx_word' id='word_1_194' title='bbox 286 3877 317 3932; x_wconf 90' lang='lat' dir='ltr'><strong>et</strong></span> <span class='ocrx_word' id='word_1_195' title='bbox 342 3868 405 3933; x_wconf 91' lang='lat' dir='ltr'><strong>duo</strong></span> <span class='ocrx_word' id='word_1_196' title='bbox 438 3868 608 3955; x_wconf 85' lang='lat' dir='ltr'><strong>sequentia</strong></span> <span class='ocrx_word' id='word_1_197' title='bbox 637 3869 817 3953; x_wconf 80' lang='lat' dir='ltr'><strong>composita</strong></span> <span class='ocrx_word' id='word_1_198' title='bbox 839 3890 913 3932; x_wconf 92' lang='lat' dir='ltr'><strong>mea</strong></span> <span class='ocrx_word' id='word_1_199' title='bbox 936 3868 1068 3954; x_wconf 87' lang='lat' dir='ltr'><strong>quidem</strong></span> <span class='ocrx_word' id='word_1_200' title='bbox 1091 3871 1254 3934; x_wconf 90' lang='lat' dir='ltr'><strong>sententia</strong></span> 
     </span>
     <span class='ocr_line' id='line_1_33' title="bbox 71 3975 1254 4062; baseline -0.004 -18"><span class='ocrx_word' id='word_1_201' title='bbox 71 3999 148 4044; x_wconf 89' lang='lat' dir='ltr'><strong>non</strong></span> <span class='ocrx_word' id='word_1_202' title='bbox 173 3976 214 4040; x_wconf 86' lang='lat' dir='ltr'><strong>ab</strong></span> <span class='ocrx_word' id='word_1_203' title='bbox 240 3976 413 4045; x_wconf 80' lang='lat' dir='ltr'><strong>adieetivis</strong></span> <span class='ocrx_word' id='word_1_204' title='bbox 448 3975 599 4048; x_wconf 80' lang='lat' dir='ltr'><strong>derivata</strong></span> <span class='ocrx_word' id='word_1_205' title='bbox 622 3985 706 4059; x_wconf 83' lang='lat' dir='ltr'><strong>sunt,</strong></span> <span class='ocrx_word' id='word_1_206' title='bbox 742 3975 799 4040; x_wconf 89' lang='lat' dir='ltr'><strong>sed</strong></span> <span class='ocrx_word' id='word_1_207' title='bbox 822 3997 903 4040; x_wconf 84' lang='lat' dir='ltr'><strong>vera</strong></span> <span class='ocrx_word' id='word_1_208' title='bbox 942 3976 1122 4062; x_wconf 83' lang='lat' dir='ltr'><strong>composita</strong></span> <span class='ocrx_word' id='word_1_209' title='bbox 1145 3977 1254 4062; x_wconf 85' lang='lat' dir='ltr'><strong>putari</strong></span> 
     </span>
     <span class='ocr_line' id='line_1_34' title="bbox 69 4081 1252 4168; baseline -0.003 -18"><span class='ocrx_word' id='word_1_210' title='bbox 69 4083 222 4164; x_wconf 81' lang='lat' dir='ltr'><strong>debent3</strong></span> <span class='ocrx_word' id='word_1_211' title='bbox 246 4083 279 4148; x_wconf 85' lang='lat' dir='ltr'><strong>ia</strong></span> <span class='ocrx_word' id='word_1_212' title='bbox 305 4123 344 4131; x_wconf 99' lang='lat'><em>-</em></span> <span class='ocrx_word' id='word_1_213' title='bbox 370 4083 526 4148; x_wconf 83' lang='lat' dir='ltr'><strong>suffixum</strong></span> <span class='ocrx_word' id='word_1_214' title='bbox 549 4104 570 4148; x_wconf 87' lang='lat' dir='ltr'><strong>a</strong></span> <span class='ocrx_word' id='word_1_215' title='bbox 593 4092 691 4168; x_wconf 87' lang='lat' dir='ltr'><strong>poeta</strong></span> <span class='ocrx_word' id='word_1_216' title='bbox 714 4081 894 4147; x_wconf 90' lang='lat' dir='ltr'><strong>adhibitum</strong></span> <span class='ocrx_word' id='word_1_217' title='bbox 919 4091 976 4166; x_wconf 89' lang='lat' dir='ltr'><strong>est,</strong></span> <span class='ocrx_word' id='word_1_218' title='bbox 1006 4090 1042 4148; x_wconf 92' lang='lat' dir='ltr'><strong>ut</strong></span> <span class='ocrx_word' id='word_1_219' title='bbox 1065 4083 1252 4148; x_wconf 78' lang='lat' dir='ltr'><strong>abstractus</strong></span> 
     </span>
     <span class='ocr_line' id='line_1_35' title="bbox 71 4189 469 4274; baseline -0.01 -16"><span class='ocrx_word' id='word_1_220' title='bbox 71 4210 195 4258; x_wconf 87' lang='lat' dir='ltr'><strong>sensus</strong></span> <span class='ocrx_word' id='word_1_221' title='bbox 219 4189 469 4274; x_wconf 85' lang='lat' dir='ltr'><strong>intellegeretur.</strong></span> 
     </span>
    </p>

    <p class='ocr_par' dir='ltr' id='par_1_19' title="bbox 189 4296 560 4362">
     <span class='ocr_line' id='line_1_36' title="bbox 189 4296 560 4362; baseline 0.005 -2"><span class='ocrx_word' id='word_1_222' title='bbox 189 4296 244 4360; x_wconf 88' lang='lat' dir='ltr'><strong>Ad</strong></span> <span class='ocrx_word' id='word_1_223' title='bbox 267 4319 336 4361; x_wconf 90' lang='lat' dir='ltr'><strong>rem</strong></span> <span class='ocrx_word' id='word_1_224' title='bbox 360 4297 560 4362; x_wconf 77' lang='lat' dir='ltr'><strong>conferatur:</strong></span> 
     </span>
    </p>

    <p class='ocr_par' dir='ltr' id='par_1_20' title="bbox 68 4403 1255 4601">
     <span class='ocr_line' id='line_1_37' title="bbox 189 4403 1255 4492; baseline 0.003 -23"><span class='ocrx_word' id='word_1_225' title='bbox 189 4403 287 4470; x_wconf 90' lang='lat' dir='ltr'><strong>Paus.</strong></span> <span class='ocrx_word' id='word_1_226' title='bbox 312 4404 395 4468; x_wconf 90' lang='lat' dir='ltr'>VIII</span> <span class='ocrx_word' id='word_1_227' title='bbox 420 4405 486 4474; x_wconf 55' lang='lat'><strong>372</strong></span> <span class='ocrx_word' id='word_1_228' title='bbox 513 4404 578 4489; x_wconf 89' lang='lat' dir='ltr'><strong>(ed.</strong></span> <span class='ocrx_word' id='word_1_229' title='bbox 604 4404 765 4483; x_wconf 87' lang='lat' dir='ltr'><strong>Siebelis.)</strong></span> <span class='ocrx_word' id='word_1_230' title='bbox 794 4403 867 4492; x_wconf 77' lang='grc' dir='ltr'>ὑπὲρ</span> <span class='ocrx_word' id='word_1_231' title='bbox 892 4408 925 4472; x_wconf 83' lang='grc' dir='ltr'><strong>δὲ</strong></span> <span class='ocrx_word' id='word_1_232' title='bbox 953 4413 987 4472; x_wconf 86' lang='grc' dir='ltr'><strong>τὸ</strong></span> <span class='ocrx_word' id='word_1_233' title='bbox 1012 4407 1110 4480; x_wconf 87' lang='grc' dir='ltr'><strong>άλοος</strong></span> <span class='ocrx_word' id='word_1_234' title='bbox 1136 4443 1176 4454; x_wconf 93' lang='grc'>-</span> <span class='ocrx_word' id='word_1_235' title='bbox 1200 4413 1255 4473; x_wconf 78' lang='grc' dir='ltr'><strong>οιαὶ</strong></span> 
     </span>
     <span class='ocr_line' id='line_1_38' title="bbox 68 4513 1252 4601; baseline -0.004 -18"><span class='ocrx_word' id='word_1_236' title='bbox 68 4526 162 4587; x_wconf 77' lang='grc' dir='ltr'><strong>θεῶν</strong></span> <span class='ocrx_word' id='word_1_237' title='bbox 187 4513 291 4581; x_wconf 81' lang='grc' dir='ltr'><strong>ἄλλων</strong></span> <span class='ocrx_word' id='word_1_238' title='bbox 320 4513 375 4580; x_wconf 76' lang='lat' dir='ltr'><strong>eloi</strong></span> <span class='ocrx_word' id='word_1_239' title='bbox 405 4517 511 4601; x_wconf 85' lang='grc' dir='ltr'><strong>βωμοί.</strong></span> <span class='ocrx_word' id='word_1_240' title='bbox 557 4526 599 4600; x_wconf 81' lang='grc' dir='ltr'><strong>τῷ</strong></span> <span class='ocrx_word' id='word_1_241' title='bbox 629 4518 790 4600; x_wconf 78' lang='grc' dir='ltr'><strong>τελευταίῳ</strong></span> <span class='ocrx_word' id='word_1_242' title='bbox 815 4515 848 4578; x_wconf 84' lang='grc' dir='ltr'><strong>δὲ</strong></span> <span class='ocrx_word' id='word_1_243' title='bbox 871 4513 1045 4601; x_wconf 74' lang='grc' dir='ltr'><strong>ἐπίγραμμά</strong></span> <span class='ocrx_word' id='word_1_244' title='bbox 1069 4513 1140 4591; x_wconf 82' lang='grc' dir='ltr'><strong>ἐστι,</strong></span> <span class='ocrx_word' id='word_1_245' title='bbox 1165 4517 1252 4589; x_wconf 75' lang='grc' dir='ltr'><strong>θεοῖς</strong></span> 
     </span>
    </p>
   </div>
   <div class='ocr_carea' id='block_1_6' title="bbox 1130 4657 1146 4710">
    <p class='ocr_par' dir='ltr' id='par_1_21' title="bbox 1130 4657 1146 4710">
     <span class='ocr_line' id='line_1_39' title="bbox 1130 4657 1146 4710; baseline 0 0"><span class='ocrx_word' id='word_1_246' title='bbox 1130 4657 1146 4710; x_wconf 86' lang='grc'>2</span> 
     </span>
    </p>
   </div>
   <div class='ocr_carea' id='block_1_7' title="bbox 0 0 1558 5126">
    <p class='ocr_par' dir='ltr' id='par_1_22' title="bbox 0 0 1558 5126">
     <span class='ocr_line' id='line_1_40' title="bbox 0 0 1558 5126; baseline 0 3"><span class='ocrx_word' id='word_1_247' title='bbox 0 0 1558 5126; x_wconf 95' lang='lat' dir='ltr'><strong> </strong></span> 
     </span>
    </p>
   </div>
  </div>
 </body>
</html>
