<?xml version="1.0" encoding="UTF-8"?>
<!DOCTYPE html PUBLIC "-//W3C//DTD XHTML 1.0 Transitional//EN"
    "http://www.w3.org/TR/xhtml1/DTD/xhtml1-transitional.dtd">
<html xmlns="http://www.w3.org/1999/xhtml" xml:lang="en" lang="en">
 <head>
  <title>
</title>
<meta http-equiv="Content-Type" content="text/html;charset=utf-8" />
  <meta name='ocr-system' content='tesseract 3.04.00' />
  <meta name='ocr-capabilities' content='ocr_page ocr_carea ocr_par ocr_line ocrx_word'/>
</head>
<body>
  <div class='ocr_page' id='page_1' title='image "./decompositisaes00genngoog_0031.png"; bbox 0 0 3108 5126; ppageno 0'>
   <div class='ocr_carea' id='block_1_1' title="bbox 888 443 931 506">
    <p class='ocr_par' dir='ltr' id='par_1_1' title="bbox 888 443 931 506">
     <span class='ocr_line' id='line_1_1' title="bbox 888 443 931 506; baseline 0 0"><span class='ocrx_word' id='word_1_1' title='bbox 888 443 931 506; x_wconf 89' lang='grc'>24</span> 
     </span>
    </p>
   </div>
   <div class='ocr_carea' id='block_1_2' title="bbox 316 635 1506 4561">
    <p class='ocr_par' dir='ltr' id='par_1_2' title="bbox 537 635 1120 726">
     <span class='ocr_line' id='line_1_2' title="bbox 537 635 1120 726; baseline 0.002 -24"><span class='ocrx_word' id='word_1_2' title='bbox 537 637 591 720; x_wconf 81' lang='grc'>18)</span> <span class='ocrx_word' id='word_1_3' title='bbox 615 640 861 726; x_wconf 80' lang='grc' dir='ltr'>δορίτμητος</span> <span class='ocrx_word' id='word_1_4' title='bbox 885 639 935 724; x_wconf 85' lang='lat' dir='ltr'>(x)</span> <span class='ocrx_word' id='word_1_5' title='bbox 959 635 1019 702; x_wconf 81' lang='lat' dir='ltr'><strong>Oh.</strong></span> <span class='ocrx_word' id='word_1_6' title='bbox 1045 637 1120 704; x_wconf 82' lang='lat'><strong>346.</strong></span> 
     </span>
    </p>

    <p class='ocr_par' dir='ltr' id='par_1_3' title="bbox 320 727 1506 1149">
     <span class='ocr_line' id='line_1_3' title="bbox 428 727 1506 834; baseline 0.001 -27"><span class='ocrx_word' id='word_1_7' title='bbox 428 742 534 808; x_wconf 81' lang='lat' dir='ltr'>Valde</span> <span class='ocrx_word' id='word_1_8' title='bbox 557 742 636 828; x_wconf 71' lang='lat' dir='ltr'>milri</span> <span class='ocrx_word' id='word_1_9' title='bbox 652 743 775 808; x_wconf 80' lang='lat' dir='ltr'>arridet</span> <span class='ocrx_word' id='word_1_10' title='bbox 791 743 914 808; x_wconf 85' lang='lat' dir='ltr'>Stanlei</span> <span class='ocrx_word' id='word_1_11' title='bbox 937 744 1107 808; x_wconf 83' lang='lat' dir='ltr'>eonieture.</span> <span class='ocrx_word' id='word_1_12' title='bbox 1122 747 1313 834; x_wconf 78' lang='grc' dir='ltr'>δορίδμητος,</span> <span class='ocrx_word' id='word_1_13' title='bbox 1339 743 1484 828; x_wconf 88' lang='lat' dir='ltr'>quoniam</span> <span class='ocrx_word' id='word_1_14' title='bbox 1501 727 1506 741; x_wconf 63' lang='grc'><strong><em>’</em></strong></span> 
     </span>
     <span class='ocr_line' id='line_1_4' title="bbox 320 849 1484 939; baseline -0.002 -24"><span class='ocrx_word' id='word_1_15' title='bbox 320 850 678 937; x_wconf 81' lang='lat' dir='ltr'>saepissimeflomerus</span> <span class='ocrx_word' id='word_1_16' title='bbox 686 861 717 914; x_wconf 90' lang='lat' dir='ltr'>et</span> <span class='ocrx_word' id='word_1_17' title='bbox 729 851 845 936; x_wconf 81' lang='lat' dir='ltr'><strong>tragici</strong></span> <span class='ocrx_word' id='word_1_18' title='bbox 858 861 974 936; x_wconf 84' lang='lat' dir='ltr'>poetae</span> <span class='ocrx_word' id='word_1_19' title='bbox 983 855 1128 939; x_wconf 72' lang='grc' dir='ltr'>δαμάζειν</span> <span class='ocrx_word' id='word_1_20' title='bbox 1142 872 1200 936; x_wconf 90' lang='lat' dir='ltr'>pro</span> <span class='ocrx_word' id='word_1_21' title='bbox 1213 851 1359 938; x_wconf 78' lang='grc' dir='ltr'>ἐναρίζειν</span> <span class='ocrx_word' id='word_1_22' title='bbox 1372 849 1484 914; x_wconf 87' lang='lat' dir='ltr'>dieunt.</span> 
     </span>
     <span class='ocr_line' id='line_1_5' title="bbox 330 954 1486 1052; baseline -0.002 -30"><span class='ocrx_word' id='word_1_23' title='bbox 330 1049 332 1052; x_wconf 22' lang='grc' dir='ltr'>Ι</span> <span class='ocrx_word' id='word_1_24' title='bbox 537 959 590 1042; x_wconf 78' lang='lat'>19)</span> <span class='ocrx_word' id='word_1_25' title='bbox 615 957 897 1044; x_wconf 77' lang='grc' dir='ltr'>(ἐριοστεπτος</span> <span class='ocrx_word' id='word_1_26' title='bbox 933 959 997 1042; x_wconf 62' lang='grc'>(11))</span> <span class='ocrx_word' id='word_1_27' title='bbox 1031 954 1064 1021; x_wconf 86' lang='lat' dir='ltr'><strong>S.</strong></span> <span class='ocrx_word' id='word_1_28' title='bbox 1088 959 1130 1022; x_wconf 85' lang='grc'>22</span> <span class='ocrx_word' id='word_1_29' title='bbox 1160 959 1269 1024; x_wconf 74' lang='grc' dir='ltr'>κλάδοι</span> <span class='ocrx_word' id='word_1_30' title='bbox 1302 957 1486 1044; x_wconf 65' lang='grc' dir='ltr'>ἑριοστεττοτ,</span> 
     </span>
     <span class='ocr_line' id='line_1_6' title="bbox 321 1061 1484 1149; baseline -0.003 -22"><span class='ocrx_word' id='word_1_31' title='bbox 321 1063 506 1128; x_wconf 87' lang='lat' dir='ltr'>Medieens:</span> <span class='ocrx_word' id='word_1_32' title='bbox 539 1064 730 1149; x_wconf 81' lang='grc' dir='ltr'>ἱερόστεττοι.</span> <span class='ocrx_word' id='word_1_33' title='bbox 778 1064 921 1128; x_wconf 88' lang='lat' dir='ltr'>Auratus</span> <span class='ocrx_word' id='word_1_34' title='bbox 946 1062 1100 1128; x_wconf 81' lang='lat' dir='ltr'>correxit.</span> <span class='ocrx_word' id='word_1_35' title='bbox 1125 1061 1193 1130; x_wconf 87' lang='lat' dir='ltr'>vid.</span> <span class='ocrx_word' id='word_1_36' title='bbox 1215 1061 1258 1128; x_wconf 88' lang='lat' dir='ltr'><strong>E.</strong></span> <span class='ocrx_word' id='word_1_37' title='bbox 1280 1063 1335 1128; x_wconf 87' lang='grc'>45.</span> <span class='ocrx_word' id='word_1_38' title='bbox 1360 1061 1395 1128; x_wconf 86' lang='lat' dir='ltr'><strong>S.</strong></span> <span class='ocrx_word' id='word_1_39' title='bbox 1418 1063 1484 1126; x_wconf 80' lang='lat'><strong>336.</strong></span> 
     </span>
    </p>

    <p class='ocr_par' dir='ltr' id='par_1_4' title="bbox 320 1168 1484 1472">
     <span class='ocr_line' id='line_1_7' title="bbox 533 1168 1484 1259; baseline -0.002 -25"><span class='ocrx_word' id='word_1_40' title='bbox 533 1168 588 1256; x_wconf 90' lang='grc'>20)</span> <span class='ocrx_word' id='word_1_41' title='bbox 612 1170 915 1259; x_wconf 80' lang='grc' dir='ltr'>(ἡμερόφαντος</span> <span class='ocrx_word' id='word_1_42' title='bbox 939 1169 1002 1254; x_wconf 70' lang='lat' dir='ltr'>(xl)</span> <span class='ocrx_word' id='word_1_43' title='bbox 1027 1169 1068 1234; x_wconf 91' lang='lat' dir='ltr'><strong>A.</strong></span> <span class='ocrx_word' id='word_1_44' title='bbox 1101 1168 1153 1236; x_wconf 83' lang='grc'>82.</span> <span class='ocrx_word' id='word_1_45' title='bbox 1178 1171 1251 1256; x_wconf 79' lang='grc' dir='ltr'>ὄναρ</span> <span class='ocrx_word' id='word_1_46' title='bbox 1275 1169 1484 1259; x_wconf 78' lang='grc' dir='ltr'>ἡμερόφαντον.</span> 
     </span>
     <span class='ocr_line' id='line_1_8' title="bbox 320 1272 1481 1365; baseline -0.002 -26"><span class='ocrx_word' id='word_1_47' title='bbox 320 1275 506 1340; x_wconf 83' lang='lat' dir='ltr'>Medieeua:</span> <span class='ocrx_word' id='word_1_48' title='bbox 540 1276 741 1365; x_wconf 84' lang='grc' dir='ltr'>ἡμερόρατον,</span> <span class='ocrx_word' id='word_1_49' title='bbox 779 1273 866 1359; x_wconf 89' lang='lat' dir='ltr'>quod</span> <span class='ocrx_word' id='word_1_50' title='bbox 890 1272 1065 1338; x_wconf 83' lang='lat' dir='ltr'>Trielinius</span> <span class='ocrx_word' id='word_1_51' title='bbox 1089 1273 1175 1358; x_wconf 87' lang='lat' dir='ltr'>(eod.</span> <span class='ocrx_word' id='word_1_52' title='bbox 1200 1274 1234 1356; x_wconf 77' lang='lat' dir='ltr'>h)</span> <span class='ocrx_word' id='word_1_53' title='bbox 1271 1273 1422 1342; x_wconf 83' lang='lat' dir='ltr'>correxit.</span> <span class='ocrx_word' id='word_1_54' title='bbox 1445 1273 1481 1338; x_wconf 90' lang='lat' dir='ltr'>ef.</span> 
     </span>
     <span class='ocr_line' id='line_1_9' title="bbox 322 1387 639 1472; baseline 0 -26"><span class='ocrx_word' id='word_1_55' title='bbox 322 1395 394 1466; x_wconf 75' lang='lat' dir='ltr'>s‘up.</span> <span class='ocrx_word' id='word_1_56' title='bbox 419 1387 639 1472; x_wconf 81' lang='grc' dir='ltr'>δημόκραντος.</span> 
     </span>
    </p>

    <p class='ocr_par' dir='ltr' id='par_1_5' title="bbox 534 1487 1300 1578">
     <span class='ocr_line' id='line_1_10' title="bbox 534 1487 1300 1578; baseline 0.004 -27"><span class='ocrx_word' id='word_1_57' title='bbox 534 1488 589 1576; x_wconf 94' lang='grc'>21)</span> <span class='ocrx_word' id='word_1_58' title='bbox 612 1493 824 1578; x_wconf 77' lang='grc' dir='ltr'>θεήλατος</span> <span class='ocrx_word' id='word_1_59' title='bbox 848 1487 889 1554; x_wconf 89' lang='lat' dir='ltr'><strong>A.</strong></span> <span class='ocrx_word' id='word_1_60' title='bbox 917 1487 1011 1556; x_wconf 83' lang='lat'><strong>1296.</strong></span> <span class='ocrx_word' id='word_1_61' title='bbox 1035 1493 1107 1573; x_wconf 80' lang='grc' dir='ltr'>βοῦς</span> <span class='ocrx_word' id='word_1_62' title='bbox 1131 1492 1300 1578; x_wconf 81' lang='grc' dir='ltr'>θεηλατος.</span> 
     </span>
    </p>

    <p class='ocr_par' dir='ltr' id='par_1_6' title="bbox 319 1593 1486 2744">
     <span class='ocr_line' id='line_1_11' title="bbox 429 1593 1484 1679; baseline -0.002 -21"><span class='ocrx_word' id='word_1_63' title='bbox 429 1593 556 1658; x_wconf 87' lang='lat' dir='ltr'>Bonum</span> <span class='ocrx_word' id='word_1_64' title='bbox 580 1615 673 1657; x_wconf 87' lang='lat' dir='ltr'>omen</span> <span class='ocrx_word' id='word_1_65' title='bbox 699 1603 777 1675; x_wconf 88' lang='lat' dir='ltr'>erat,</span> <span class='ocrx_word' id='word_1_66' title='bbox 807 1593 944 1658; x_wconf 82' lang='lat' dir='ltr'><strong>hostiam</strong></span> <span class='ocrx_word' id='word_1_67' title='bbox 968 1615 1027 1658; x_wconf 84' lang='lat' dir='ltr'>sua</span> <span class='ocrx_word' id='word_1_68' title='bbox 1050 1603 1166 1678; x_wconf 86' lang='lat' dir='ltr'>sponte</span> <span class='ocrx_word' id='word_1_69' title='bbox 1191 1595 1233 1660; x_wconf 92' lang='lat' dir='ltr'>ad</span> <span class='ocrx_word' id='word_1_70' title='bbox 1258 1615 1349 1659; x_wconf 85' lang='lat' dir='ltr'>aram</span> <span class='ocrx_word' id='word_1_71' title='bbox 1379 1614 1484 1679; x_wconf 86' lang='lat' dir='ltr'>prope-</span> 
     </span>
     <span class='ocr_line' id='line_1_12' title="bbox 322 1697 1480 1787; baseline -0.002 -23"><span class='ocrx_word' id='word_1_72' title='bbox 322 1723 411 1782; x_wconf 82' lang='lat' dir='ltr'>rare3</span> <span class='ocrx_word' id='word_1_73' title='bbox 436 1723 508 1764; x_wconf 89' lang='lat' dir='ltr'>eam</span> <span class='ocrx_word' id='word_1_74' title='bbox 532 1709 642 1765; x_wconf 89' lang='lat' dir='ltr'>autem</span> <span class='ocrx_word' id='word_1_75' title='bbox 663 1699 827 1782; x_wconf 82' lang='lat' dir='ltr'>reluctari,</span> <span class='ocrx_word' id='word_1_76' title='bbox 851 1697 970 1764; x_wconf 88' lang='lat' dir='ltr'>malum</span> <span class='ocrx_word' id='word_1_77' title='bbox 986 1699 1164 1784; x_wconf 86' lang='lat' dir='ltr'>putabatur</span> <span class='ocrx_word' id='word_1_78' title='bbox 1181 1700 1378 1787; x_wconf 86' lang='lat' dir='ltr'>prodigium.</span> <span class='ocrx_word' id='word_1_79' title='bbox 1424 1700 1480 1764; x_wconf 89' lang='lat' dir='ltr'>Ru·</span> 
     </span>
     <span class='ocr_line' id='line_1_13' title="bbox 320 1805 1483 1896; baseline -0.002 -24"><span class='ocrx_word' id='word_1_80' title='bbox 320 1809 442 1894; x_wconf 85' lang='lat' dir='ltr'>pertius</span> <span class='ocrx_word' id='word_1_81' title='bbox 468 1808 511 1872; x_wconf 91' lang='lat' dir='ltr'>ad</span> <span class='ocrx_word' id='word_1_82' title='bbox 534 1805 686 1872; x_wconf 80' lang='lat' dir='ltr'>Juvenal.</span> <span class='ocrx_word' id='word_1_83' title='bbox 710 1817 770 1872; x_wconf 85' lang='lat' dir='ltr'>sat.</span> <span class='ocrx_word' id='word_1_84' title='bbox 797 1808 864 1874; x_wconf 78' lang='grc' dir='ltr'>12ο</span> <span class='ocrx_word' id='word_1_85' title='bbox 888 1805 1039 1874; x_wconf 88' lang='lat' dir='ltr'>adnotat:</span> <span class='ocrx_word' id='word_1_86' title='bbox 1067 1807 1313 1896; x_wconf 74' lang='lat' dir='ltr'>„adumbratur</span> <span class='ocrx_word' id='word_1_87' title='bbox 1337 1807 1398 1872; x_wconf 89' lang='lat' dir='ltr'>hoe</span> <span class='ocrx_word' id='word_1_88' title='bbox 1421 1807 1483 1871; x_wconf 89' lang='lat' dir='ltr'>loeo</span> 
     </span>
     <span class='ocr_line' id='line_1_14' title="bbox 321 1911 1486 2000; baseline -0.003 -22"><span class='ocrx_word' id='word_1_89' title='bbox 321 1925 354 1978; x_wconf 89' lang='lat' dir='ltr'>et</span> <span class='ocrx_word' id='word_1_90' title='bbox 376 1913 508 2000; x_wconf 87' lang='lat' dir='ltr'>quidem</span> <span class='ocrx_word' id='word_1_91' title='bbox 540 1911 710 1997; x_wconf 82' lang='lat' dir='ltr'>praeclare</span> <span class='ocrx_word' id='word_1_92' title='bbox 740 1923 860 1978; x_wconf 86' lang='lat' dir='ltr'>natura</span> <span class='ocrx_word' id='word_1_93' title='bbox 890 1913 1007 1979; x_wconf 76' lang='lat' dir='ltr'>ferocis</span> <span class='ocrx_word' id='word_1_94' title='bbox 1043 1913 1143 1997; x_wconf 67' lang='lat' dir='ltr'>vituli,</span> <span class='ocrx_word' id='word_1_95' title='bbox 1180 1935 1254 1997; x_wconf 82' lang='lat' dir='ltr'>non,</span> <span class='ocrx_word' id='word_1_96' title='bbox 1290 1922 1326 1978; x_wconf 87' lang='lat' dir='ltr'>ut</span> <span class='ocrx_word' id='word_1_97' title='bbox 1361 1913 1486 2000; x_wconf 88' lang='lat' dir='ltr'>quidam</span> 
     </span>
     <span class='ocr_line' id='line_1_15' title="bbox 323 2018 1483 2108; baseline -0.002 -23"><span class='ocrx_word' id='word_1_98' title='bbox 323 2031 449 2108; x_wconf 89' lang='lat' dir='ltr'>putant,</span> <span class='ocrx_word' id='word_1_99' title='bbox 478 2019 576 2084; x_wconf 91' lang='lat' dir='ltr'>valde</span> <span class='ocrx_word' id='word_1_100' title='bbox 603 2018 801 2103; x_wconf 79' lang='lat' dir='ltr'>reluctantis,</span> <span class='ocrx_word' id='word_1_101' title='bbox 832 2019 920 2104; x_wconf 90' lang='lat' dir='ltr'>quod</span> <span class='ocrx_word' id='word_1_102' title='bbox 944 2020 1021 2085; x_wconf 86' lang='lat' dir='ltr'>mali</span> <span class='ocrx_word' id='word_1_103' title='bbox 1045 2029 1116 2086; x_wconf 86' lang='lat' dir='ltr'>erat</span> <span class='ocrx_word' id='word_1_104' title='bbox 1145 2021 1271 2086; x_wconf 81' lang='lat' dir='ltr'>ominis.</span> <span class='ocrx_word' id='word_1_105' title='bbox 1316 2019 1403 2088; x_wconf 83' lang='lat' dir='ltr'>Nam</span> <span class='ocrx_word' id='word_1_106' title='bbox 1427 2019 1483 2107; x_wconf 43' lang='lat' dir='ltr'>‘ob-</span> 
     </span>
     <span class='ocr_line' id='line_1_16' title="bbox 321 2125 1486 2212; baseline -0.002 -22"><span class='ocrx_word' id='word_1_107' title='bbox 321 2135 488 2190; x_wconf 82' lang='lat' dir='ltr'>servatum</span> <span class='ocrx_word' id='word_1_108' title='bbox 513 2134 561 2188; x_wconf 86' lang='lat' dir='ltr'>est</span> <span class='ocrx_word' id='word_1_109' title='bbox 581 2149 601 2190; x_wconf 90' lang='lat' dir='ltr'>a</span> <span class='ocrx_word' id='word_1_110' title='bbox 621 2125 892 2204; x_wconf 79' lang='lat' dir='ltr'>sacrificantibus,</span> <span class='ocrx_word' id='word_1_111' title='bbox 908 2136 952 2207; x_wconf 88' lang='lat' dir='ltr'>ut,</span> <span class='ocrx_word' id='word_1_112' title='bbox 970 2127 999 2189; x_wconf 87' lang='lat' dir='ltr'>si</span> <span class='ocrx_word' id='word_1_113' title='bbox 1014 2125 1128 2211; x_wconf 84' lang='lat' dir='ltr'>hostia,</span> <span class='ocrx_word' id='word_1_114' title='bbox 1146 2147 1229 2212; x_wconf 88' lang='lat' dir='ltr'>quae</span> <span class='ocrx_word' id='word_1_115' title='bbox 1247 2125 1289 2193; x_wconf 89' lang='lat' dir='ltr'>ad</span> <span class='ocrx_word' id='word_1_116' title='bbox 1306 2147 1380 2196; x_wconf 82' lang='lat' dir='ltr'>aras</span> <span class='ocrx_word' id='word_1_117' title='bbox 1396 2125 1486 2190; x_wconf 87' lang='lat' dir='ltr'>duee·</span> 
     </span>
     <span class='ocr_line' id='line_1_17' title="bbox 319 2231 1484 2320; baseline -0.003 -24"><span class='ocrx_word' id='word_1_118' title='bbox 319 2244 419 2316; x_wconf 85' lang='lat' dir='ltr'>retur,</span> <span class='ocrx_word' id='word_1_119' title='bbox 443 2232 556 2297; x_wconf 83' lang='lat' dir='ltr'>fuisset</span> <span class='ocrx_word' id='word_1_120' title='bbox 578 2231 799 2296; x_wconf 88' lang='lat' dir='ltr'>vehementius</span> <span class='ocrx_word' id='word_1_121' title='bbox 823 2231 981 2296; x_wconf 77' lang='lat' dir='ltr'>reluctata</span> <span class='ocrx_word' id='word_1_122' title='bbox 1005 2231 1271 2320; x_wconf 81' lang='lat' dir='ltr'>ostendissetque,</span> <span class='ocrx_word' id='word_1_123' title='bbox 1296 2255 1330 2296; x_wconf 82' lang='lat' dir='ltr'>ee</span> <span class='ocrx_word' id='word_1_124' title='bbox 1353 2232 1484 2296; x_wconf 84' lang='lat' dir='ltr'>invitam</span> 
     </span>
     <span class='ocr_line' id='line_1_18' title="bbox 319 2337 1484 2423; baseline -0.003 -20"><span class='ocrx_word' id='word_1_125' title='bbox 319 2338 477 2404; x_wconf 80' lang='lat' dir='ltr'>altaribus</span> <span class='ocrx_word' id='word_1_126' title='bbox 502 2337 679 2423; x_wconf 82' lang='lat' dir='ltr'>admoveri,</span> <span class='ocrx_word' id='word_1_127' title='bbox 705 2347 921 2421; x_wconf 82' lang='lat' dir='ltr'>amoveretur,</span> <span class='ocrx_word' id='word_1_128' title='bbox 956 2339 1033 2423; x_wconf 86' lang='lat' dir='ltr'>quia</span> <span class='ocrx_word' id='word_1_129' title='bbox 1056 2338 1157 2409; x_wconf 88' lang='lat' dir='ltr'>invito</span> <span class='ocrx_word' id='word_1_130' title='bbox 1194 2338 1253 2414; x_wconf 87' lang='lat' dir='ltr'>deo</span> <span class='ocrx_word' id='word_1_131' title='bbox 1284 2338 1394 2402; x_wconf 85' lang='lat' dir='ltr'>offerri</span> <span class='ocrx_word' id='word_1_132' title='bbox 1418 2358 1484 2402; x_wconf 87' lang='lat' dir='ltr'>eam</span> 
     </span>
     <span class='ocr_line' id='line_1_19' title="bbox 319 2443 1484 2534; baseline -0.001 -26"><span class='ocrx_word' id='word_1_133' title='bbox 319 2444 502 2530; x_wconf 84' lang='lat' dir='ltr'>putabant’.</span> <span class='ocrx_word' id='word_1_134' title='bbox 556 2443 755 2530; x_wconf 79' lang='lat' dir='ltr'>(Macrobius</span> <span class='ocrx_word' id='word_1_135' title='bbox 789 2443 855 2510; x_wconf 85' lang='lat' dir='ltr'>Sat.</span> <span class='ocrx_word' id='word_1_136' title='bbox 889 2445 941 2509; x_wconf 90' lang='lat' dir='ltr'>III</span> <span class='ocrx_word' id='word_1_137' title='bbox 965 2447 1013 2513; x_wconf 81' lang='grc' dir='ltr'>5ο</span> <span class='ocrx_word' id='word_1_138' title='bbox 1047 2445 1098 2510; x_wconf 91' lang='lat' dir='ltr'>ed.</span> <span class='ocrx_word' id='word_1_139' title='bbox 1130 2444 1401 2534; x_wconf 80' lang='lat' dir='ltr'>Eyssenhardt.)“</span> <span class='ocrx_word' id='word_1_140' title='bbox 1449 2444 1484 2507; x_wconf 86' lang='lat' dir='ltr'>el.</span> 
     </span>
     <span class='ocr_line' id='line_1_20' title="bbox 322 2535 1485 2638; baseline -0.002 -23"><span class='ocrx_word' id='word_1_141' title='bbox 322 2535 427 2617; x_wconf 83' lang='lat' dir='ltr'>Taeit.</span> <span class='ocrx_word' id='word_1_142' title='bbox 464 2554 550 2618; x_wconf 88' lang='lat' dir='ltr'>Ann.</span> <span class='ocrx_word' id='word_1_143' title='bbox 586 2550 652 2614; x_wconf 91' lang='lat' dir='ltr'>XV</span> <span class='ocrx_word' id='word_1_144' title='bbox 678 2553 706 2618; x_wconf 89' lang='grc'>7.</span> <span class='ocrx_word' id='word_1_145' title='bbox 745 2551 829 2617; x_wconf 85' lang='lat' dir='ltr'>Hist.</span> <span class='ocrx_word' id='word_1_146' title='bbox 863 2552 991 2616; x_wconf 83' lang='grc'>11156.</span> <span class='ocrx_word' id='word_1_147' title='bbox 1031 2552 1172 2620; x_wconf 83' lang='lat' dir='ltr'>Martial.</span> <span class='ocrx_word' id='word_1_148' title='bbox 1203 2553 1254 2618; x_wconf 89' lang='lat' dir='ltr'>IX</span> <span class='ocrx_word' id='word_1_149' title='bbox 1283 2555 1322 2618; x_wconf 88' lang='grc'>31</span> <span class='ocrx_word' id='word_1_150' title='bbox 1337 2585 1356 2622; x_wconf 86' lang='lat' dir='ltr'>t.</span> <span class='ocrx_word' id='word_1_151' title='bbox 1371 2583 1390 2621; x_wconf 88' lang='grc' dir='ltr'>ο.</span> <span class='ocrx_word' id='word_1_152' title='bbox 1427 2551 1485 2638; x_wconf 83' lang='lat' dir='ltr'>(ed.</span> 
     </span>
     <span class='ocr_line' id='line_1_21' title="bbox 322 2657 593 2744; baseline 0 -22"><span class='ocrx_word' id='word_1_153' title='bbox 322 2657 574 2744; x_wconf 79' lang='lat' dir='ltr'>Schneidewin.)</span> <span class='ocrx_word' id='word_1_154' title='bbox 586 2682 593 2722; x_wconf 91' lang='lat'>:</span> 
     </span>
    </p>

    <p class='ocr_par' dir='ltr' id='par_1_7' title="bbox 481 2749 1290 2958">
     <span class='ocr_line' id='line_1_22' title="bbox 481 2749 1290 2854; baseline -0.001 -23"><span class='ocrx_word' id='word_1_155' title='bbox 481 2767 566 2854; x_wconf 44' lang='lat' dir='ltr'>‘Ipse</span> <span class='ocrx_word' id='word_1_156' title='bbox 590 2787 665 2830; x_wconf 84' lang='lat' dir='ltr'>suas</span> <span class='ocrx_word' id='word_1_157' title='bbox 690 2787 786 2842; x_wconf 81' lang='lat' dir='ltr'>anser</span> <span class='ocrx_word' id='word_1_158' title='bbox 808 2749 999 2851; x_wconf 87' lang='lat' dir='ltr'>properavit</span> <span class='ocrx_word' id='word_1_159' title='bbox 1021 2765 1125 2832; x_wconf 81' lang='lat' dir='ltr'>laetus</span> <span class='ocrx_word' id='word_1_160' title='bbox 1148 2767 1191 2832; x_wconf 89' lang='lat' dir='ltr'>ad</span> <span class='ocrx_word' id='word_1_161' title='bbox 1216 2789 1290 2834; x_wconf 85' lang='lat' dir='ltr'>aras</span> 
     </span>
     <span class='ocr_line' id='line_1_23' title="bbox 482 2870 1179 2958; baseline 0.006 -22"><span class='ocrx_word' id='word_1_162' title='bbox 482 2872 524 2936; x_wconf 87' lang='lat' dir='ltr'>Et</span> <span class='ocrx_word' id='word_1_163' title='bbox 548 2872 666 2935; x_wconf 83' lang='lat' dir='ltr'>cecidit</span> <span class='ocrx_word' id='word_1_164' title='bbox 689 2870 811 2936; x_wconf 78' lang='lat' dir='ltr'>sanetis</span> <span class='ocrx_word' id='word_1_165' title='bbox 835 2872 939 2936; x_wconf 81' lang='lat' dir='ltr'>hostia</span> <span class='ocrx_word' id='word_1_166' title='bbox 961 2896 1066 2958; x_wconf 86' lang='lat' dir='ltr'>parva</span> <span class='ocrx_word' id='word_1_167' title='bbox 1089 2874 1179 2940; x_wconf 73' lang='lat' dir='ltr'><strong>focis.</strong></span> 
     </span>
    </p>

    <p class='ocr_par' dir='ltr' id='par_1_8' title="bbox 531 2980 1056 3066">
     <span class='ocr_line' id='line_1_24' title="bbox 531 2980 1056 3066; baseline 0.01 -24"><span class='ocrx_word' id='word_1_168' title='bbox 531 2981 588 3063; x_wconf 95' lang='grc'>22)</span> <span class='ocrx_word' id='word_1_169' title='bbox 610 2985 868 3066; x_wconf 84' lang='grc' dir='ltr'>θεόκραντος</span> <span class='ocrx_word' id='word_1_170' title='bbox 893 2980 936 3046; x_wconf 84' lang='grc' dir='ltr'>Α.</span> <span class='ocrx_word' id='word_1_171' title='bbox 963 2981 1056 3046; x_wconf 85' lang='grc'>1489.</span> 
     </span>
    </p>

    <p class='ocr_par' dir='ltr' id='par_1_9' title="bbox 531 3087 1156 3177">
     <span class='ocr_line' id='line_1_25' title="bbox 531 3087 1156 3177; baseline 0.003 -26"><span class='ocrx_word' id='word_1_172' title='bbox 531 3089 585 3172; x_wconf 90' lang='grc'>23)</span> <span class='ocrx_word' id='word_1_173' title='bbox 609 3089 897 3177; x_wconf 52' lang='grc' dir='ltr'>θεοσζτθηητος</span> <span class='ocrx_word' id='word_1_174' title='bbox 921 3090 970 3172; x_wconf 84' lang='lat' dir='ltr'>(x)</span> <span class='ocrx_word' id='word_1_175' title='bbox 995 3087 1054 3154; x_wconf 81' lang='lat' dir='ltr'><strong>Ch.</strong></span> <span class='ocrx_word' id='word_1_176' title='bbox 1081 3090 1156 3156; x_wconf 87' lang='grc'>633.</span> 
     </span>
    </p>

    <p class='ocr_par' dir='ltr' id='par_1_10' title="bbox 531 3195 1052 3284">
     <span class='ocr_line' id='line_1_26' title="bbox 531 3195 1052 3284; baseline 0.006 -27"><span class='ocrx_word' id='word_1_177' title='bbox 531 3195 586 3278; x_wconf 87' lang='grc'>24)</span> <span class='ocrx_word' id='word_1_178' title='bbox 609 3201 865 3284; x_wconf 79' lang='grc' dir='ltr'>θεοτίμητος</span> <span class='ocrx_word' id='word_1_179' title='bbox 890 3195 931 3260; x_wconf 88' lang='lat' dir='ltr'>A.</span> <span class='ocrx_word' id='word_1_180' title='bbox 958 3196 1052 3262; x_wconf 86' lang='grc'>1336.</span> 
     </span>
    </p>

    <p class='ocr_par' dir='ltr' id='par_1_11' title="bbox 533 3303 1045 3392">
     <span class='ocr_line' id='line_1_27' title="bbox 533 3303 1045 3392; baseline 0.002 -27"><span class='ocrx_word' id='word_1_181' title='bbox 533 3303 589 3388; x_wconf 87' lang='grc'>25)</span> <span class='ocrx_word' id='word_1_182' title='bbox 612 3308 859 3392; x_wconf 77' lang='grc' dir='ltr'>θεοφόρητος</span> <span class='ocrx_word' id='word_1_183' title='bbox 883 3303 924 3368; x_wconf 90' lang='lat' dir='ltr'><strong>A.</strong></span> <span class='ocrx_word' id='word_1_184' title='bbox 952 3304 1045 3388; x_wconf 85' lang='grc'>1135.</span> 
     </span>
    </p>

    <p class='ocr_par' dir='ltr' id='par_1_12' title="bbox 531 3409 828 3498">
     <span class='ocr_line' id='line_1_28' title="bbox 531 3409 828 3498; baseline 0.003 -26"><span class='ocrx_word' id='word_1_185' title='bbox 531 3409 586 3493; x_wconf 92' lang='grc'>26)</span> <span class='ocrx_word' id='word_1_186' title='bbox 610 3415 828 3498; x_wconf 72' lang='grc' dir='ltr'>θέσφατος.</span> 
     </span>
    </p>

    <p class='ocr_par' dir='ltr' id='par_1_13' title="bbox 318 3514 1485 3922">
     <span class='ocr_line' id='line_1_29' title="bbox 424 3514 1485 3606; baseline -0.003 -28"><span class='ocrx_word' id='word_1_187' title='bbox 424 3515 464 3579; x_wconf 91' lang='lat' dir='ltr'>A.</span> <span class='ocrx_word' id='word_1_188' title='bbox 492 3516 577 3580; x_wconf 84' lang='grc'>1320</span> <span class='ocrx_word' id='word_1_189' title='bbox 589 3525 683 3604; x_wconf 86' lang='grc' dir='ltr'>μόρος</span> <span class='ocrx_word' id='word_1_190' title='bbox 699 3521 867 3606; x_wconf 66' lang='grc' dir='ltr'>θέσφατος.</span> <span class='ocrx_word' id='word_1_191' title='bbox 915 3515 1136 3600; x_wconf 79' lang='lat' dir='ltr'>Compositum</span> <span class='ocrx_word' id='word_1_192' title='bbox 1152 3516 1213 3582; x_wconf 86' lang='lat' dir='ltr'>hoe</span> <span class='ocrx_word' id='word_1_193' title='bbox 1229 3516 1310 3601; x_wconf 87' lang='lat' dir='ltr'>loeo,</span> <span class='ocrx_word' id='word_1_194' title='bbox 1327 3525 1362 3581; x_wconf 90' lang='lat' dir='ltr'>ut</span> <span class='ocrx_word' id='word_1_195' title='bbox 1379 3514 1485 3581; x_wconf 77' lang='lat' dir='ltr'>multis</span> 
     </span>
     <span class='ocr_line' id='line_1_30' title="bbox 320 3620 1482 3710; baseline -0.002 -24"><span class='ocrx_word' id='word_1_196' title='bbox 320 3621 394 3686; x_wconf 88' lang='lat' dir='ltr'>aliis</span> <span class='ocrx_word' id='word_1_197' title='bbox 421 3621 476 3702; x_wconf 84' lang='lat' dir='ltr'>(ef.</span> <span class='ocrx_word' id='word_1_198' title='bbox 494 3621 532 3687; x_wconf 93' lang='lat' dir='ltr'>Il.</span> <span class='ocrx_word' id='word_1_199' title='bbox 550 3621 633 3685; x_wconf 86' lang='lat' dir='ltr'>VIII</span> <span class='ocrx_word' id='word_1_200' title='bbox 650 3623 724 3686; x_wconf 88' lang='grc'>477.</span> <span class='ocrx_word' id='word_1_201' title='bbox 751 3620 813 3687; x_wconf 92' lang='lat' dir='ltr'>Od.</span> <span class='ocrx_word' id='word_1_202' title='bbox 831 3622 879 3685; x_wconf 89' lang='lat' dir='ltr'>IV</span> <span class='ocrx_word' id='word_1_203' title='bbox 903 3623 977 3687; x_wconf 89' lang='grc'>561.</span> <span class='ocrx_word' id='word_1_204' title='bbox 994 3621 1028 3686; x_wconf 90' lang='lat' dir='ltr'><strong>X</strong></span> <span class='ocrx_word' id='word_1_205' title='bbox 1044 3623 1119 3688; x_wconf 86' lang='grc'>473.</span> <span class='ocrx_word' id='word_1_206' title='bbox 1144 3623 1237 3689; x_wconf 90' lang='lat' dir='ltr'>Pind.</span> <span class='ocrx_word' id='word_1_207' title='bbox 1256 3623 1351 3710; x_wconf 88' lang='lat' dir='ltr'>Pyth.</span> <span class='ocrx_word' id='word_1_208' title='bbox 1369 3622 1417 3688; x_wconf 88' lang='lat' dir='ltr'>IV</span> <span class='ocrx_word' id='word_1_209' title='bbox 1437 3623 1482 3686; x_wconf 92' lang='grc'>71.</span> 
     </span>
     <span class='ocr_line' id='line_1_31' title="bbox 318 3727 1482 3817; baseline -0.003 -25"><span class='ocrx_word' id='word_1_210' title='bbox 318 3729 394 3794; x_wconf 85' lang='lat' dir='ltr'>Eur.</span> <span class='ocrx_word' id='word_1_211' title='bbox 419 3728 526 3813; x_wconf 81' lang='lat' dir='ltr'>Iphig.</span> <span class='ocrx_word' id='word_1_212' title='bbox 551 3727 625 3795; x_wconf 93' lang='lat' dir='ltr'>Aul.</span> <span class='ocrx_word' id='word_1_213' title='bbox 656 3727 760 3817; x_wconf 85' lang='grc'>1553),</span> <span class='ocrx_word' id='word_1_214' title='bbox 794 3729 976 3813; x_wconf 84' lang='lat' dir='ltr'>signifieat:</span> <span class='ocrx_word' id='word_1_215' title='bbox 1011 3752 1041 3816; x_wconf 43' lang='lat' dir='ltr'>‘a</span> <span class='ocrx_word' id='word_1_216' title='bbox 1075 3729 1135 3791; x_wconf 88' lang='lat' dir='ltr'>deo</span> <span class='ocrx_word' id='word_1_217' title='bbox 1171 3729 1385 3813; x_wconf 80' lang='lat' dir='ltr'>constitutus&#39;‚</span> <span class='ocrx_word' id='word_1_218' title='bbox 1422 3748 1482 3792; x_wconf 88' lang='lat' dir='ltr'>non</span> 
     </span>
     <span class='ocr_line' id='line_1_32' title="bbox 320 3835 538 3922; baseline 0.009 -24"><span class='ocrx_word' id='word_1_219' title='bbox 320 3835 538 3922; x_wconf 43' lang='lat' dir='ltr'>‘praedictusfi</span> 
     </span>
    </p>

    <p class='ocr_par' dir='ltr' id='par_1_14' title="bbox 316 3940 1483 4240">
     <span class='ocr_line' id='line_1_33' title="bbox 425 3940 1481 4027; baseline 0.002 -23"><span class='ocrx_word' id='word_1_220' title='bbox 425 3941 540 4004; x_wconf 82' lang='lat' dir='ltr'>Totam</span> <span class='ocrx_word' id='word_1_221' title='bbox 563 3963 655 4006; x_wconf 85' lang='lat' dir='ltr'>suam</span> <span class='ocrx_word' id='word_1_222' title='bbox 680 3942 743 4006; x_wconf 92' lang='lat' dir='ltr'>vim</span> <span class='ocrx_word' id='word_1_223' title='bbox 766 3940 947 4006; x_wconf 86' lang='lat' dir='ltr'>membrum</span> <span class='ocrx_word' id='word_1_224' title='bbox 971 3942 1129 4026; x_wconf 84' lang='lat' dir='ltr'>posterius</span> <span class='ocrx_word' id='word_1_225' title='bbox 1153 3942 1186 4005; x_wconf 92' lang='lat' dir='ltr'>in</span> <span class='ocrx_word' id='word_1_226' title='bbox 1202 3943 1387 4027; x_wconf 80' lang='lat' dir='ltr'>compositis</span> <span class='ocrx_word' id='word_1_227' title='bbox 1409 3947 1481 4008; x_wconf 83' lang='grc' dir='ltr'>θέσ-</span> 
     </span>
     <span class='ocr_line' id='line_1_34' title="bbox 316 4046 1483 4125; baseline -0.005 -11"><span class='ocrx_word' id='word_1_228' title='bbox 316 4073 384 4124; x_wconf 83' lang='grc' dir='ltr'>πιος</span> <span class='ocrx_word' id='word_1_229' title='bbox 409 4057 439 4111; x_wconf 89' lang='lat' dir='ltr'>et</span> <span class='ocrx_word' id='word_1_230' title='bbox 464 4054 626 4125; x_wconf 76' lang='grc' dir='ltr'>θεσπέσιος</span> <span class='ocrx_word' id='word_1_231' title='bbox 643 4049 761 4112; x_wconf 85' lang='lat' dir='ltr'>amisit.</span> <span class='ocrx_word' id='word_1_232' title='bbox 809 4048 898 4111; x_wconf 89' lang='lat' dir='ltr'>Bene</span> <span class='ocrx_word' id='word_1_233' title='bbox 922 4046 963 4110; x_wconf 92' lang='lat' dir='ltr'>de</span> <span class='ocrx_word' id='word_1_234' title='bbox 986 4047 1048 4112; x_wconf 86' lang='lat' dir='ltr'>hae</span> <span class='ocrx_word' id='word_1_235' title='bbox 1071 4070 1106 4112; x_wconf 92' lang='lat' dir='ltr'>re</span> <span class='ocrx_word' id='word_1_236' title='bbox 1131 4048 1282 4112; x_wconf 81' lang='lat' dir='ltr'>disseruit</span> <span class='ocrx_word' id='word_1_237' title='bbox 1296 4048 1380 4115; x_wconf 90' lang='lat' dir='ltr'>Phil.</span> <span class='ocrx_word' id='word_1_238' title='bbox 1397 4049 1483 4112; x_wconf 88' lang='lat' dir='ltr'>Butt-</span> 
     </span>
     <span class='ocr_line' id='line_1_35' title="bbox 319 4155 928 4240; baseline 0.002 -22"><span class='ocrx_word' id='word_1_239' title='bbox 319 4177 456 4219; x_wconf 89' lang='lat' dir='ltr'>mannus</span> <span class='ocrx_word' id='word_1_240' title='bbox 480 4157 513 4218; x_wconf 92' lang='lat' dir='ltr'>in</span> <span class='ocrx_word' id='word_1_241' title='bbox 537 4155 670 4220; x_wconf 76' lang='lat' dir='ltr'>Lexil.2</span> <span class='ocrx_word' id='word_1_242' title='bbox 694 4155 711 4218; x_wconf 92' lang='grc' dir='ltr'><strong>Ι</strong></span> <span class='ocrx_word' id='word_1_243' title='bbox 734 4177 766 4240; x_wconf 87' lang='lat' dir='ltr'><strong>p.</strong></span> <span class='ocrx_word' id='word_1_244' title='bbox 794 4156 856 4218; x_wconf 87' lang='grc'>166</span> <span class='ocrx_word' id='word_1_245' title='bbox 880 4177 928 4240; x_wconf 82' lang='lat' dir='ltr'><strong>sq.</strong></span> 
     </span>
    </p>

    <p class='ocr_par' dir='ltr' id='par_1_15' title="bbox 423 4261 1242 4353">
     <span class='ocr_line' id='line_1_36' title="bbox 423 4261 1242 4353; baseline -0.002 -24"><span class='ocrx_word' id='word_1_246' title='bbox 423 4271 456 4330; x_wconf 82' lang='grc' dir='ltr'>τὸ</span> <span class='ocrx_word' id='word_1_247' title='bbox 480 4269 650 4353; x_wconf 64' lang='lat' dir='ltr'>trapazeta:</span> <span class='ocrx_word' id='word_1_248' title='bbox 675 4263 715 4326; x_wconf 92' lang='lat' dir='ltr'><strong>A.</strong></span> <span class='ocrx_word' id='word_1_249' title='bbox 745 4263 838 4326; x_wconf 87' lang='grc'>1100.</span> <span class='ocrx_word' id='word_1_250' title='bbox 865 4263 959 4327; x_wconf 90' lang='grc'>1122.</span> <span class='ocrx_word' id='word_1_251' title='bbox 986 4263 1081 4327; x_wconf 88' lang='grc'>1124.</span> <span class='ocrx_word' id='word_1_252' title='bbox 1104 4261 1142 4327; x_wconf 83' lang='grc' dir='ltr'>Ε.</span> <span class='ocrx_word' id='word_1_253' title='bbox 1167 4263 1242 4328; x_wconf 88' lang='grc'>597.</span> 
     </span>
    </p>

    <p class='ocr_par' dir='ltr' id='par_1_16' title="bbox 316 4367 1484 4561">
     <span class='ocr_line' id='line_1_37' title="bbox 424 4367 1484 4457; baseline -0.006 -21"><span class='ocrx_word' id='word_1_254' title='bbox 424 4376 498 4446; x_wconf 88' lang='grc' dir='ltr'>θες-</span> <span class='ocrx_word' id='word_1_255' title='bbox 522 4379 627 4434; x_wconf 88' lang='lat' dir='ltr'>ortum</span> <span class='ocrx_word' id='word_1_256' title='bbox 651 4379 699 4432; x_wconf 87' lang='lat' dir='ltr'>est</span> <span class='ocrx_word' id='word_1_257' title='bbox 723 4391 740 4432; x_wconf 92' lang='lat' dir='ltr'>e</span> <span class='ocrx_word' id='word_1_258' title='bbox 762 4375 848 4436; x_wconf 87' lang='grc' dir='ltr'>θεσο.</span> <span class='ocrx_word' id='word_1_259' title='bbox 896 4367 985 4433; x_wconf 79' lang='lat' dir='ltr'>&#39;Palis</span> <span class='ocrx_word' id='word_1_260' title='bbox 1002 4368 1149 4457; x_wconf 84' lang='lat' dir='ltr'>syllabae</span> <span class='ocrx_word' id='word_1_261' title='bbox 1172 4371 1338 4456; x_wconf 82' lang='lat' dir='ltr'>oppressio</span> <span class='ocrx_word' id='word_1_262' title='bbox 1355 4370 1484 4434; x_wconf 88' lang='lat' dir='ltr'>minime</span> 
     </span>
     <span class='ocr_line' id='line_1_38' title="bbox 316 4475 1009 4561; baseline 0.004 -23"><span class='ocrx_word' id='word_1_263' title='bbox 316 4498 391 4538; x_wconf 87' lang='lat' dir='ltr'>rara</span> <span class='ocrx_word' id='word_1_264' title='bbox 416 4486 473 4540; x_wconf 85' lang='lat' dir='ltr'>est.</span> <span class='ocrx_word' id='word_1_265' title='bbox 521 4476 561 4539; x_wconf 88' lang='lat' dir='ltr'>ef.</span> <span class='ocrx_word' id='word_1_266' title='bbox 586 4475 778 4539; x_wconf 86' lang='lat' dir='ltr'>Neekelinm</span> <span class='ocrx_word' id='word_1_267' title='bbox 802 4475 822 4539; x_wconf 94' lang='lat' dir='ltr'>l.</span> <span class='ocrx_word' id='word_1_268' title='bbox 848 4499 875 4540; x_wconf 90' lang='grc' dir='ltr'>ο.</span> <span class='ocrx_word' id='word_1_269' title='bbox 901 4499 932 4561; x_wconf 93' lang='lat' dir='ltr'>p.</span> <span class='ocrx_word' id='word_1_270' title='bbox 960 4478 1009 4542; x_wconf 93' lang='grc'>16.</span> 
     </span>
    </p>
   </div>
   <div class='ocr_carea' id='block_1_3' title="bbox 0 0 1558 5126">
    <p class='ocr_par' dir='ltr' id='par_1_17' title="bbox 0 0 1558 5126">
     <span class='ocr_line' id='line_1_39' title="bbox 0 0 1558 5126; baseline 0 1"><span class='ocrx_word' id='word_1_271' title='bbox 0 0 1558 5126; x_wconf 95' lang='lat' dir='ltr'> </span> 
     </span>
    </p>
   </div>
  </div>
 </body>
</html>
