3108 5126
542 457 545 464 Ι
628 384 668 448 ιν

53 583 260 670 αἰχμάλωτον
301 584 413 670 ἀπῆγεν
453 585 556 650 οἴκαδε
595 588 648 648 καί
686 585 833 669 μεταδοὺς
872 582 955 648 ἁλῶν
992 588 1045 648 καί
1082 587 1234 669 τραπέζης

54 693 232 775 ἀπέπεμπεν
269 691 383 754 οἴκαδε.
430 689 466 752 Ὁ
492 694 545 775 μὲν
580 687 631 754 ουν
661 693 699 753 τὰ
728 692 823 774 λέπρα
856 695 986 774 κομίσας
1015 689 1151 774 ἐπῃνεῖτο
1182 693 1234 753 καί

52 801 149 885 φίλος
174 798 220 862 ἀεὶ
245 799 368 861 διετέλει
392 807 444 862 τοῦ
469 800 626 879 λαβόντος,
651 796 687 862 ἐκ
710 797 904 880 δορυαλώςου
933 797 1090 881 δορίξενος
1114 819 1233 882 προσα-

51 911 267 988 γορευόμενος.
769 917 779 954 '-

170 1008 319 1087 Quocum
344 1008 423 1072 facit
438 1009 639 1093 Ammonius,
665 1007 720 1093 qui
739 1029 770 1091 p.
791 1009 853 1074 119
878 1005 1121 1092 (ed.Vaicken.)
1140 1005 1233 1070 dicit:

53 1119 71 1181 ὁ
97 1121 182 1182 κατὰ
205 1120 336 1211 πόλεμον
360 1126 517 1203 γενόμενος
547 1121 646 1206 φίλος.
694 1117 784 1192 ἀλεές
812 1120 869 1200 γὰρ
895 1114 976 1202 (PJ1)
1010 1118 1110 1189 ξενίων
1134 1122 1234 1201 τυχὼν

53 1227 263 1313 ἀφείθηπρὸς
283 1234 334 1291 τοῦ
359 1228 504 1310 πολεμίου
521 1227 616 1309 λυτρα
632 1227 780 1306 λαβόντος
797 1225 911 1310 μνόιδην
928 1222 948 1310 ἡ
964 1229 1129 1310 τεταγμένη
1141 1221 1195 1306 si).
1209 1224 1234 1301 Ξ)

50 1336 191 1416 νιομίσας
215 1333 321 1396 δὲκαὶ
346 1334 485 1419 φυλάξας
508 1337 562 1419 τὴν
585 1337 691 1406 πίστιν,
727 1329 842 1412 ἐγένετο
879 1331 977 1417 φίλος,
1003 1335 1055 1394 καί
1079 1331 1234 1414 δορόξενος

51 1438 208 1503 ἐκαλεῖτο.
629 1441 633 1453 ’

167 1541 284 1608 Pollux
309 1544 431 1610 11160:
471 1549 626 1632 δορὺξενος
654 1547 686 1610 δέ
717 1547 732 1610 ὁ
757 1544 793 1610 ἐν
823 1557 877 1633 τῆς
908 1550 987 1610 κατὰ
1018 1550 1068 1610 τὸν
1102 1548 1234 1630 πόλεμον

51 1652 211 1737 ἐπιμιξίας
234 1658 286 1739 τὴν
310 1667 416 1732 γνῶσιν
440 1659 650 1740 πεποιημένος.

169 1756 356 1820 Eustothius
370 1780 401 1841 p.
412 1757 478 1820 405
489 1787 514 1826 ae
532 1780 602 1843 sqq.
616 1763 655 1838 ey:
681 1761 832 1848 δόρυξενοι
857 1762 889 1824 δὲ
913 1758 940 1824 οἱ
956 1758 1142 1844 ἐπ’πολέμου
1156 1758 1234 1829 ξένοι

50 1873 213 1946 γεγονότες
246 1871 329 1930 τισίν.
377 1864 554 1939 Παυσανίας
579 1871 678 1953 φησίν,
719 1865 762 1930 ὅτι
786 1866 954 1950 ’δορόξενος
978 1865 994 1929 ὁ
1022 1864 1057 1928 ἐκ
1081 1867 1238 1948 πολεμίωνΙ

53 1975 150 2059 φίλος
174 1976 227 2038 καὶ
251 1971 266 2035 ὁ
290 1975 460 2056 πρεσβεῦον
484 1955 550 2055 περὶ
573 1975 700 2056 λίντριον.

170 2099 200 2160 p.
225 2077 310 2140 485:
343 2080 502 2162 δορίξενος
526 2080 598 2144 δέὸ
631 2082 766 2163 πολέμου
799 2085 890 2164 χάριν
914 2078 933 2164 ἢ
959 2077 995 2144 ἐν.
1021 2081 1160 2162 πολέμου
1184 2100 1234 2163 φι-

52 2191 178 2258 λωθείς
203 2185 245 2260 ὡς
269 2185 411 2260 Γλαῦκος
435 2191 487 2251 καὶ
511 2186 678 2273 Διομήδης.

99 2319 102 2324 ·
169 2289 227 2353 Est
252 2290 350 2373 igitur
375 2295 530 2378 δορίξενος
556 2291 615 2374 vir,
640 2291 695 2375 qui
720 2313 762 2354 ex
793 2290 883 2354 hoste
908 2290 1031 2354 arnious
1048 2290 1153 2354 factus
1178 2297 1235 2355 est.

54 2396 164 2462 Cuius
187 2398 235 2460 rei
259 2396 434 2480 singularis
459 2397 541 2462 ratio
567 2420 605 2462 ea
629 2406 695 2481 est,¹
713 2419 811 2482 quam
828 2397 1021 2464 Plutarchus
1046 2399 1090 2482 (et
1106 2397 1237 2460 Ammo-

53 2504 148 2590 nius)
173 2504 213 2567 de
236 2503 480 2587 Megarensium
504 2505 647 2590 quinque
671 2526 832 2589 pagorum
855 2502 969 2568 incolis
994 2512 1117 2568 narret.

170 2609 357 2694 Strophium
381 2619 499 2693 antem,
524 2610 579 2696 qui
597 2609 725 2674 duobus
749 2608 812 2672 illis
836 2608 914 2674 locis
928 2608 1121 2698 Aeschyleis
1145 2613 1237 2695 δορό-

54 2723 145 2794 ξενος
170 2718 366 2799 nominatur,
392 2717 466 2781 oiim
480 2717 672 2782 Atridarum
689 2717 812 2782 hostem
840 2717 940 2781 fuisse
964 2735 1127 2801 nusquam
1150 2738 1234 2780 oom-

57 2832 274 2905 memoratur‚
309 2833 343 2886 ut
367 2831 510 2888 statuero
533 2823 631 2887 liceat
662 2823 780 2908 prioris
806 2821 977 2907 compositi
1012 2822 1150 2885 membri
1189 2822 1238 2906 (ut

53 2929 255 3014 saepissime
287 2931 484 3014 posterioris
517 2930 621 2994 cuius,
641 2929 688 2993 rei
721 2931 808 2994 infra
839 2928 991 3014 exempla
1023 2931 1173 3011 afferam)
1203 2928 1237 2992 vi

55 3034 235 3128 debilitata
259 3036 471 3120 compositum
502 3058 722 3123 synonymum
746 3037 961 3100 forefactum
986 3057 1055 3099 esse
1080 3034 1235 3119 simplicis

55 3143 263 3208 substantivi
288 3146 390 3220 Εένοςς
415 3143 581 3227 quodiam
599 3142 860 3208 Valckenaerins
887 3143 996 3225 sensit,
1022 3143 1076 3228 qui
1104 3141 1238 3206 adAm-

54 3249 207 3314 monium
231 3272 261 3334 p.
291 3251 352 3313 152
377 3249 528 3314 adnotat:
556 3272 681 3334 „neque
705 3250 737 3312 in
762 3248 918 3336 Aeschyli
944 3248 1003 3314 Ch.
1028 3251 1094 3313 560
1118 3257 1149 3312 et
1173 3251 1239 3316 914

55 3355 218 3441 propriae
241 3355 488 3438 significationis
513 3355 594 3418 adeo
619 3355 772 3426 habenda
803 3365 852 3420 est
880 3356 991 3421 ratio,“
1040 3354 1133 3418 Idem
1161 3354 1238 3418 mihi

55 3463 174 3528 dicere
191 3462 323 3526 videtur
339 3462 528 3526 scholiastes
545 3462 587 3526 ad
606 3462 704 3547 Soph,
720 3460 802 3528 Oed.
821 3462 890 3528 Col.
907 3463 1010 3528 v.6352
1023 3461 1086 3547 (ed.
1097 3461 1237 3548 Elmsl.):

54 3573 237 3658 δορίξενος·
264 3576 364 3660 φίλος·
401 3571 645 3656 Ἃπλοίπὼτερον
662 3574 838 3656 δορυξένους
854 3575 985 3640 καλοῦσι
1000 3577 1053 3642 καί,
1069 3574 1138 3646 τοὺς
1155 3571 1237 3644 ὅπως

54 3676 169 3765 δήποτ’
195 3675 245 3743 οὖν
269 3679 522 3760 ἐπιξενωθέντας,Ι
762 3747 764 3752 ,
812 3749 814 3754 ,

152 3775 386 3869 ¹Quamquam·
406 3793 513 3847 autem
542 3783 619 3846 mihi
644 3794 769 3860 certum
800 3791 850 3846 est
892 3783 1033 3867 priorem
1070 3783 1240 3868 compositi

55 3899 193 3976 portem
210 3889 314 3953 dativi
329 3889 400 3953 loco
418 3911 488 3952 esse
502 3893 537 3975 4),
562 3899 671 3954 tamen
696 3912 760 3957 non
784 3888 981 3954 contendere
1009 3888 1115 3955 audeo
1140 3893 1239 3976 δορί-

60 4037 208 4046 ,m
217 4037 281 4042 ψη...

174 4091 193 4150 ¹)
213 4087 273 4139 rid.
292 4085 435 4140 Valcken.
457 4087 608 4139 anirnadr.
629 4087 666 4139 ad
686 4085 822 4140 Ammon.
842 4102 869 4154 p.
891 4085 1021 4158 nomm.

173 4179 193 4240 ’γ
214 4175 274 4228 vid.
294 4173 438 4228 Valcken.
458 4176 475 4227 l.
496 4192 521 4227 c.

173 4267 193 4330 ³)
215 4264 274 4317 vid.
295 4280 387 4333 supra
407 4280 429 4318 s.
449 4281 477 4316 v.
497 4263 634 4324 ἀπόξενος.

173 4358 194 4420 ⁴)
227 4357 264 4408 τί.
289 4356 460 4408 antithesim
489 4355 568 4408 illam
588 4355 818 4408 Plutarcheam:
850 4352 878 4404 ὲν
903 4352 1068 4424 δοριαλώτου
1100 4355 1160 4420 (ita,
1180 4369 1241 4406 non

53 4442 244 4516 ὃορυαλόπου,
266 4444 430 4513 legendum
450 4449 504 4497 est.
524 4443 585 4496 vid.
605 4445 695 4509 inira)
716 4439 842 4512 δορύξενος
861 4442 1109 4512 προσαγορευόμενος,
