3108 5126
639 417 681 480 ‘29

27 593 28 598 ἵ
76 626 139 697 aaa
158 618 286 698 μάταιον
303 609 450 692 mutavit,
476 617 574 692 recte,
598 617 633 673 ut
649 608 727 672 milii
743 607 875 694 quidem
892 608 1031 674 videtur.
1079 609 1119 674 ef.
1136 609 1246 697 Meye-

26 796 30 805 .
76 739 144 780 rum
167 739 218 800 gr.
243 715 301 780 Gr.
326 717 349 804 ξ
374 717 448 782 273.

290 824 342 901 10)
367 831 622 911 παντόοεμνυς.
648 826 698 909 (Χ)
722 821 759 886 Ε.
784 824 859 890 640.

25 896 31 1017 l
179 929 377 1014 Composita,
402 951 487 1015 quae
510 955 604 998 παντο
627 952 686 1014 pro
710 955 769 998 παν
793 929 960 1014 praebent,
985 930 1121 993 fortasse
1146 926 1245 1013 pluri-

77 1058 200 1100 mormn
224 1035 352 1100 illorum
376 1037 627 1122 compositorum
651 1035 804 1120 analogia
828 1035 1026 1120 explicanda
1050 1043 1134 1116 suut,
1162 1056 1246 1120 quae

73 1143 107 1204 in
131 1141 343 1206 commissura
367 1141 513 1207 vocalem
549 1142 722 1208 chabent.
769 1142 945 1208 Praeterea
977 1141 1040 1206 hae
1062 1142 1167 1205 forma
1192 1162 1245 1224 op·

23 1239 24 1242 ¹
76 1251 150 1312 time
187 1249 437 1331 demonstratur,
476 1275 534 1316 παν
567 1249 600 1313 in
633 1250 819 1334 compositis
854 1259 889 1313 ut
922 1250 1061 1312 formam
1096 1247 1241 1312 neutrius

72 1355 204 1438 generis
221 1355 377 1420 adiectivi
390 1370 460 1433 πᾶς,
473 1377 537 1420 non
554 1366 589 1420 ut
600 1377 724 1420 merum
742 1355 937 1422 adverbium
954 1353 1150 1418 intellectum
1164 1375 1245 1418 esse.

289 1465 342 1548 11)
367 1471 551 1554 πάνοοφος
576 1462 709 1528 3322.

179 1569 371 1634 Dindorlius
388 1569 419 1638 in
438 1569 605 1634 Thesauro
623 1591 647 1635 s.
666 1593 697 1635 v.
714 1577 869 1660 πάνσοφος
886 1568 947 1633 hoe
963 1568 1107 1654 profert:
1135 1566 1246 1652 „Haeo

75 1677 179 1742 forma
202 1676 294 1740 libris
319 1675 595 1742 consentientibus
619 1675 739 1760 legitur
763 1677 796 1738 in
821 1674 900 1739 loeis
929 1674 1131 1758 tragicorum
1160 1673 1246 1736 infra

75 1783 258 1847 indicandis
291 1793 322 1846 et
357 1783 445 1868 apud
471 1781 550 1846 alios
582 1783 756 1868 scriptores
792 1782 933 1870 quosvis.
981 1779 1110 1845 Platoni
1143 1778 1247 1844 altera
1294 1779 1297 1784 ⁴

74 1891 237 1976 scriptura
252 1897 412 1980 πάσσοφος
430 1887 507 1954 locis
524 1911 588 1952 non
612 1890 726 1974 paucis
743 1913 786 1952 ex
803 1881 971 1952 codicibus
995 1897 1028 1952 et
1044 1885 1190 1973 plurimis
1215 1894 1246 1948 et

73 1996 205 2080 optimis
223 2005 271 2058 est
286 1995 466 2060 restituta.“
500 2022 542 2063 νο
567 1995 598 2057 in
615 1993 751 2058 vocibus
768 1993 969 2079 simplicibus
986 1993 1106 2057 ultimis
1122 2001 1247 2056 tantum

74 2101 269 2166 Graecitatis
294 2101 495 2186 temporibus
526 2101 591 2185 legi
620 2083 653 2152 ζ
682 2123 810 2186 semper
842 2101 902 2166 fuit
936 2100 967 2164 in
1005 2098 1144 2164 dialecto
1169 2098 1245 2163 Ore·

72 2209 137 2273 tica
153 2249 206 2292 —-,
223 2208 255 2272 in
273 2209 524 2293 compositorum
548 2217 658 2272 autem
680 2208 891 2272 commissura
914 2228 978 2270 non
1002 2205 1123 2270 habere
1147 2203 1246 2269 ullam

70 2314 281 2380 offensionem
305 2355 347 2364 -
372 2323 449 2400 puto
474 2315 515 2378 ob
541 2314 585 2398 id,
620 2315 708 2401 quod
733 2315 871 2380 duarum
895 2313 1037 2398 partium
1062 2303 1245 2375 coniunctio

70 2419 176 2486 laxior
200 2431 248 2486 est
270 2462 324 2503 -,
350 2419 391 2488 G.
416 2421 568 2509 Meyerus
593 2443 642 2504 gr.
669 2421 787 2486 Graec.
813 2422 835 2509 ξ
861 2422 925 2484 273
950 2419 1054 2483 docet.
1068 2424 1091 2499 ¹)

288 2529 341 2610 12)
365 2531 561 2604 πολυξενος
586 2527 619 2592 S.
647 2529 719 2594 163.

181 2635 224 2698 cf.
247 2640 434 2722 πολυπικρος
457 2633 521 2699 Od.
538 2634 620 2697 XVI
633 2635 708 2698 255.
755 2639 988 2710 πολυπαίπαλος
1007 2630 1070 2697 (ld.
1087 2631 1153 2694 XV
1168 2633 1244 2696 419.

74 2746 232 2828 πολύιδρις
258 2739 321 2807 Od.
346 2740 412 2805 XV
436 2744 511 2810 459.
558 2745 783 2818 πολυδαίδαλος
808 2741 845 2806 ΙΙ.
870 2739 1020 2812 111368,

180 2847 218 2910 B.
280 2847 463 2912 Membrum
486 2849 647 2933 posterius
671 2849 879 2933 participium
903 2857 960 2912 est.

287 2956 340 3036 13)
365 2961 540 3045 ζώφυτος
566 2955 597 3023 S.
611 2957 686 3022 869.
710 2959 786 3045 αἷμα
803 2963 946 3046 ζώφυτον.
970 2955 1066 3020 Notio
1090 2964 1138 3018 est
1158 2963 1245 3018 tran-

73 3061 181 3126 sitiva.
228 3057 282 3124 Ad
299 3083 368 3124 rem
392 3063 433 3126 ef.
459 3061 558 3128 schol.
583 3065 777 3150 appeteretur
801 3069 916 3150 γὰρτὸ
940 3061 1019 3150 ὕδωρ
1043 3074 1095 3129 τοῦ
1120 3063 1245 3146 Νείλου,

70 3170 168 3244 ..ὅθεν
192 3168 265 3243 Ζεὺς
289 3176 364 3234 πιὼν
389 3169 646 3256 ἔτικτεννΑρεαέί
694 3169 801 3236 Strab.
819 3169 885 3232 XV
909 3191 940 3254 p.
958 3169 1037 3234 695:
1061 3176 1115 3237 soti
1131 3169 1243 3235 Νεῖλον

70 3276 100 3339 δ’
127 3277 200 3344 εἶναι
224 3285 343 3362 γόνιμον
368 3282 486 3364 μᾶλλον
511 3277 620 3362 ἑτέρων
643 3284 696 3346 καὶ
721 3282 899 3367 aetatepost
931 3291 1034 3359 γεννᾶν
1065 3283 1119 3343 καὶ
1143 3275 1244 3341 τᾶλλα

73 3389 127 3448 καὶ
150 3388 188 3448 τὰ
212 3384 352 3472 ἀμφίβια.
398 3391 453 3460 τάς
477 3410 507 3450 τε
531 3397 675 3468 γυναῖκας
700 3385 769 3450 ἔσθ’
794 3385 842 3451 ὅτε
866 3391 918 3450 καί
941 3387 1114 3471 τετράδυμα
1137 3389 1245 3449 τίκτειν

67 3493 128 3564 τὰς
145 3488 322 3573 Αἰγυπτίας.
372 3488 498 3554 Aelian.
523 3492 564 3554 de
589 3491 687 3556 anim.
712 3490 822 3554 11133
847 3489 911 3576 (ed.
938 3488 1101 3570 Jacobs.):
1126 3494 1245 3572 λέγεται

65 3596 103 3660 δὲ
132 3597 227 3670 αἴτιος
252 3595 267 3661 ὁ
292 3596 405 3672 Νεῖλος
429 3598 504 3664 εἶναι
528 3596 736 3666 εὖτεκνότατον
759 3606 905 3686 παρέχων
928 3604 961 3664 τὸ
986 3595 1076 3684 iios.

288 3704 342 3787 14)
366 3713 620 3792 κακόστρωτυς
645 3708 694 3790 (Χ)
719 3706 759 3768 A.
785 3699 859 3768 661.

287 3810 340 3894 17))
365 3817 577 3894 νεάγγελτος
602 3810 663 3877 Oh.
689 3812 762 3876 732.

288 3917 340 3996 16)
363 3925 550 4005 νεαίρετος
574 3922 613 3987 Α.
641 3919 736 3983 1047.
762 3919 857 3984 1049.

286 4025 340 4106 17)
364 4029 578 4113 νεόδρεπτος
603 4025 635 4090 S.
661 4028 736 4092 336.

287 4130 341 4210 18)
364 4141 557 4218 νεόρρυπος
581 4134 631 4217 (Χ)
656 4134 696 4199 Α.
724 4133 818 4198 1350.

287 4238 339 4319 19)
364 4239 580 4327 ὀξυμήνιτος
605 4238 643 4304 Ε.
667 4240 743 4304 475.

177 4400 197 4464 ¹)
217 4415 266 4451 παν
285 4400 528 4453 interiectionum
546 4415 668 4469 quoque
689 4401 751 4453 vini
765 4416 891 4470 augere,
913 4401 1136 4456 demonstratur
1156 4417 1245 4456 voea-

7 4501 9 4520 =
62 4485 140 4541 bulo
158 4486 316 4556 πανοίμοι
335 4487 388 4543 Ch.
406 4487 467 4542 874.
