3108 5126
885 427 905 488 8

303 617 434 702 plurimi
466 641 525 703 pro
561 628 648 684 certo
672 619 848 706 habebant,
883 641 998 684 nomen
1036 627 1162 684 tantum
1193 641 1265 682 curn
1289 619 1420 683 nomine
1445 634 1476 682 et

302 725 442 789 verbum
465 747 538 790 oum
562 726 662 789 verbo
687 726 837 811 componi
861 749 965 813 posse,
990 749 1095 812 nequo
1118 725 1286 809 videbant,
1312 726 1474 812 quomodo

304 831 418 916 lingua
435 831 566 898 Graeca
590 855 626 896 eo
652 832 796 896 adducta
812 843 905 916 esset,
929 843 965 897 ut
988 831 1071 896 hano
1094 832 1200 916 legem
1217 832 1474 918 antiquissimam

257 1005 260 1010 ,
305 937 460 1002 abiceret.
507 938 641 1001 Exstitit
671 938 877 1003 Hermannus
903 937 1178 1021 Osthoffius,
1214 938 1270 1024 qui
1307 937 1390 1001 libro
1415 959 1473 1002 suo

303 1045 582 1128 praestantissimo
599 1045 749 1130 omnique
773 1043 870 1108 laude
887 1045 1077 1128 dignissimo
1103 1044 1173 1132 ‘das
1186 1043 1331 1108 Verbum
1356 1044 1389 1108 iu
1414 1043 1473 1107 der

302 1149 677 1235 Nominalkomposition
705 1151 747 1214 im
772 1150 973 1234 Deutschen‚
998 1149 1243 1232 Grieclrischen‚
1279 1149 1472 1215 Slavischen

250 1294 253 1298 ss
303 1257 372 1320 und
397 1256 646 1321 Romanischen’
685 1257 788 1322 Jenae
814 1258 899 1323 1878
933 1267 1044 1342 partes
1084 1267 1246 1321 certantes
1270 1256 1472 1322 conciliaret.

304 1361 455 1428 Ostendit
478 1363 573 1443 enim,
609 1363 699 1426 initio
732 1363 864 1450 quidem
899 1363 987 1429 illam
1011 1363 1112 1428 solam
1137 1361 1353 1447 componendi
1377 1363 1475 1426 ratio-

302 1492 377 1534 nem
402 1470 516 1552 fuisse3
552 1470 670 1534 deinde
694 1480 801 1534 autem
829 1470 976 1554 linguam
1007 1471 1186 1555 composita
1217 1481 1253 1534 ut
1276 1472 1474 1559 αἰολοθώρηξ

302 1576 408 1641 minus
442 1586 530 1640 recte
564 1577 811 1661 interpretatam
840 1576 1025 1641 dissolvisse
1050 1578 1082 1640 in
1107 1579 1223 1644 αἰόλλω
1248 1585 1279 1640 et
1308 1581 1417 1665 θώρηξ
1444 1587 1475 1639 et

302 1693 370 1748 tum
383 1683 562 1752 secundum
574 1665 687 1748 talium
704 1669 1064 1770 compositorum'quae
1081 1695 1112 1748 et
1129 1706 1149 1748 a
1174 1683 1302 1747 nomine
1327 1693 1359 1746 et
1371 1682 1473 1750 verbo

301 1791 405 1875 repeti
428 1801 570 1875 possent,
595 1791 839 1855 similitudinem
863 1792 964 1856 multa
988 1815 1077 1862 nova
1099 1791 1264 1856 vocabula
1280 1813 1298 1854 s
1314 1790 1415 1854 verbo
1441 1801 1473 1852 et

303 1898 434 1962 nomine
470 1899 698 1983 composuisse,
745 1897 819 1962 Tali
854 1921 962 1962 errore
997 1898 1122 1984 reliqua
1161 1898 1269 1962 omnia
1293 1896 1475 1963 Osthoffius

302 2004 513 2087 sagacissime
537 2004 691 2089 explicat.
739 2005 876 2088 Singula
899 2006 985 2070 infra
1009 2007 1153 2071 afferam.

409 2109 519 2174 Tertio
544 2111 684 2196 denique
708 2111 785 2176 vitio
811 2111 1004 2176 Schroederi
1028 2111 1194 2174 nominum
1223 2110 1476 2195 compositorum

302 2216 511 2300 partitionem
539 2216 692 2281 laborare
716 2217 798 2280 vidit
822 2217 1111 2303 Whitneius‚
1146 2218 1201 2302 qui
1233 2239 1370 2300 gramm.
1406 2217 1475 2282 ind.

302 2328 322 2404 ξ
349 2323 433 2386 1247
458 2323 510 2386 Ill
534 2331 660 2388 mutata
684 2323 802 2388 dividit
826 2324 878 2388 in:
1313 2331 1321 2344 “

349 2429 389 2492 A.
415 2429 605 2493 Possessiva
629 2438 659 2493 et

346 2535 384 2601 B.
408 2535 439 2596 in
465 2558 504 2598 ea
527 2536 717 2623 composita,
742 2559 880 2621 quorum
908 2536 1087 2600 membrum
1124 2537 1284 2620 posterius
1323 2536 1477 2602 substan-

460 2643 565 2710 tivum
577 2653 635 2727 est,
659 2643 746 2728 quod
759 2644 866 2728 priore
879 2643 1017 2729 regitur3
1039 2644 1129 2728 prius
1142 2666 1220 2708 vero
1235 2643 1415 2707 membrum
1430 2656 1478 2708 est

242 2796 289 2872 θ
461 2753 494 2836 a)
518 2749 665 2817 verbum.

459 2856 495 2941 b]
519 2856 728 2940 praepositio,

369 3011 371 3017 ι
409 2963 472 3026 Pro
494 2963 623 3026 nomine
641 2963 847 3050 ‘possessiva’
866 2961 1058 3028 Skutschius
1082 2963 1102 3029 l.
1120 2987 1148 3030 c.
1173 2988 1205 3049 p.
1233 2966 1270 3027 11
1296 2964 1479 3030 rectissime

300 3059 551 3161 appellationem
569 3069 811 3156 ‘metaphorica’
832 3071 1010 3155 proposuit,
1035 3069 1229 3136 Osthoffium
1254 3080 1394 3157 secutus,
1420 3073 1480 3156 qui

302 3175 322 3240 l.
349 3198 375 3240 c.
401 3198 432 3260 p.
460 3175 522 3240 128
548 3175 657 3240 docet:

410 3282 499 3367 „Das
523 3281 801 3370 Karmadhetraya
825 3283 906 3347 wird
932 3283 1081 3348 dadurch
1105 3308 1144 3348 zu
1168 3285 1228 3350 der
1252 3285 1400 3368 Gattung
1426 3286 1479 3350 als

299 3387 474 3452 bahuvrllri
497 3388 777 3473 hiniibergefiihrt‚
803 3389 879 3454 dass
904 3391 957 3454 die
974 3390 1120 3475 Sprache
1145 3391 1208 3454 den
1229 3391 1315 3457 belm
1343 3391 1479 3455 karma-

300 3493 452 3582 dharaya
473 3495 508 3558 in
532 3495 638 3559 seiner
662 3495 889 3579 eigentlichcn,
918 3496 1009 3560 nicht
1032 3496 1478 3582 tibertragenenBedeutuug

299 3600 477 3664 stehenden
501 3601 747 3684 Begriffsinhalt
772 3602 1012 3687 metaphorisch
1036 3611 1126 3668 setzt.
1173 3602 1273 3666 Jedcs
1297 3603 1480 3668 behuvrllri

299 3706 417 3770 beruht
439 3707 483 3770 im
508 3707 643 3772 Grunde
677 3710 736 3772 auf
764 3710 853 3773 einer
877 3709 1056 3793 Metapher,
1094 3709 1325 3773 insbesondere
1360 3710 1480 3794 haufig

301 3815 361 3878 auf
381 3813 439 3878 der
456 3813 586 3897 Spezies
611 3837 675 3878 von
692 3815 871 3900 Metapher,
886 3815 938 3879 die
962 3837 1037 3879 man
1063 3838 1150 3904 ‘pars
1167 3839 1225 3901 pro
1243 3817 1319 3880 toto'
1340 3821 1477 3882 neunt.“

407 3921 501 4001 Quae
526 3944 598 3985 curn
622 3922 668 3986 ita
691 3924 764 4006 sint,
790 3922 969 4007 composita
994 3946 1034 3986 ex
1052 3920 1209 4011 Aeschyli
1233 3925 1263 3987 A
1277 3947 1298 4008 g
1312 3947 1331 3987 a
1344 3947 1374 3986 m
1388 3947 1405 3987 e
1418 3946 1479 3988 m-

299 4049 416 4090 uone
463 4027 531 4111 (A),
580 4027 859 4112 Ohoophoris
904 4027 992 4115 (Ch),
1040 4029 1360 4094 Eumenidibus
1408 4029 1480 4118 (E),

300 4132 383 4217 Sup
394 4131 588 4217 plicibus
613 4134 662 4217 (S)
699 4157 792 4198 ame
817 4132 953 4199 collecta
983 4145 1015 4199 et
1039 4143 1179 4200 tractata
1211 4136 1269 4200 has
1294 4137 1327 4198 in
1352 4135 1479 4202 classes

298 4239 461 4304 dividam:

343 4347 382 4412 A.
408 4346 479 4410 Non
503 4356 640 4411 mutata.

404 4454 430 4519 Ι.
510 4453 693 4517 lllembrum
716 4455 875 4539 posterius
899 4464 947 4518 est
972 4455 1230 4539 substantivu1n‚.
1247 4457 1338 4541 prins
