3108 5126
171 1085 326 1148 Indorum
350 1083 567 1167 grammatici,
592 1105 729 1168 quorum
755 1081 951 1147 clarissimus
977 1089 1025 1144 est
1042 1079 1159 1144 Panini
1184 1077 1239 1164 (de

65 1211 125 1273 quo
150 1191 191 1255 cf.
206 1189 405 1253 Whitneium
431 1211 566 1272 gramm.
592 1189 658 1253 ind.
680 1189 786 1274 praef.
809 1211 840 1272 p.
858 1186 969 1270 XIII),
993 1185 1125 1250 nomina
1154 1207 1239 1249 com-

64 1296 168 1377 posita
193 1295 373 1360 diviserunt
397 1296 430 1357 in
455 1294 574 1358 classes
597 1317 667 1360 sex.
716 1293 798 1358 Sunt
822 1293 903 1358 hae:

193 1401 205 1488 l
229 1399 379 1485 Copula
371 1420 427 1464 tva
452 1399 647 1485 (dvandva).

227 1507 293 1570 Det
281 1507 434 1570 terminat
436 1507 491 1570 iva
515 1504 709 1570 casualiat
684 1512 731 1590 (ta
711 1505 916 1590 at.purusha)

170 1613 293 1676 Det
281 1612 433 1676 terminat
435 1613 493 1676 iva
518 1620 551 1676 a
538 1611 663 1676 trrbu
641 1621 710 1676 trva
734 1611 1039 1699 (karmadharaya).

227 1719 292 1782 Det
279 1719 431 1782 terminat
433 1719 490 1814 iva
512 1717 692 1844 numeralia
716 1718 857 1804 (dvigu).

171 1834 451 1997 liAdverbialia(
470 1877 741 2020 (avyaylbliatal.

168 2037 265 2103 Hanc
289 2039 499 2124 partitionem
524 2060 598 2102 cum
628 2060 687 2122 per
717 2061 752 2101 se
777 2059 916 2122 pravam
939 2060 1009 2102 esse
1035 2046 1066 2100 et
1089 2059 1238 2101 mancam

63 2168 169 2209 nonne
205 2146 338 2230 quintae
373 2127 501 2230 qnoque
535 2143 647 2208 classis
682 2141 861 2229 composita
893 2144 926 2206 in
960 2143 1116 2226 casualia,
1148 2144 1238 2207 attri-

62 2253 188 2338 butiva,
212 2251 393 2316 numeralia
417 2250 599 2314 dividenda
623 2252 722 2316 sunt?
747 2253 788 2317 cf.
812 2251 850 2316 F.
878 2251 899 2314 J
907 2251 1069 2320 nstium
1093 2251 1126 2313 in
1154 2248 1237 2314 libro

64 2359 113 2422 die
161 2359 386 2443 Komposition
413 2357 471 2421 der
487 2357 627 2422 Nomina
651 2357 694 2420 im
720 2356 1237 2444 Indogermanisehen'*Gotting.

67 2467 156 2530 1861,
173 2489 206 2550 p.
234 2467 296 2530 119
321 2487 392 2550 sqq.
417 2503 446 2513 -
495 2474 562 2527 tum
587 2465 619 2526 in
647 2464 810 2529 Graecam
834 2463 980 2548 linguam
1004 2463 1136 2527 minime
1160 2485 1239 2548 qua-

66 2573 160 2636 drare
185 2573 251 2636 iam
277 2571 332 2635 diu
357 2581 564 2656 perspectum
589 2581 646 2636 est.
672 2572 712 2634 cf.
739 2570 826 2635 Guil.
851 2569 1104 2635 Olemmium
1130 2568 1166 2635 O.
1192 2570 1237 2635 St.

64 2678 127 2742 VII
150 2702 182 2763 p.
208 2679 238 2742 5.
278 2676 429 2763 „Gerade
454 2677 513 2741 das
539 2676 756 2741 Grieehische
781 2687 869 2742 wttre
895 2676 991 2740 dabei
1017 2699 1070 2741 am
1094 2675 1239 2740 schlech-

65 2794 164 2848 testen
178 2783 461 2870 weggekommen‚
486 2782 558 2846 weil
583 2805 616 2846 es
640 2783 673 2846 in
705 2782 986 2863 dorAusbildung
1009 2781 1077 2846 und
1093 2782 1239 2846 feineren

63 2890 293 2973 Entwicklung
326 2889 383 2954 der
411 2889 605 2974 Komposita
639 2889 733 2952 einen
765 2890 871 2952 seiner
895 2887 1132 2972 glanzendsten
1157 2888 1238 2952 Vor-

63 3007 143 3080 stige
167 3005 222 3060 ent
210 2996 314 3060 ttaltet
352 2996 419 3060 und
456 2996 545 3059 scine
578 2995 853 3078 Uebcrlegenheit
841 2995 974 3058 ιιιιιθι
1010 2994 1072 3060 alle
1112 2995 1238 3060 andern

31 3143 34 3154 ·
67 3103 236 3187 Sprachen
260 3126 294 3166 so
320 3101 522 3186 augenfttllig
547 3102 623 3166 dart
624 3102 710 3168 hut.“

167 3207 281 3293 Neque
310 3231 388 3271 ιθιο
423 3206 494 3271 ulla
525 3207 708 3272 distributio
741 3172 889 3270 omnibus
914 3206 1055 3271 numeris
1081 3205 1239 3270 absoluta

63 3315 201 3378 inveniri
221 3337 262 3399 po
265 3323 338 3398 test,
351 3315 378 3378 si
395 3314 575 3398 praecipue
592 3313 701 3396 logica
713 3321 763 3377 rat
765 3313 795 3376 io
813 3314 1063 3397 compositorum
1079 3312 1238 3376 membro-

63 3443 133 3484 rum
155 3421 339 3505 respicitur.
395 3422 496 3484 Immo
526 3442 603 3484 vero
628 3421 843 3503 grammatica
867 3421 950 3484 ratio
986 3421 1239 3504 compositorum

64 3527 228 3610 partitioni
253 3527 445 3591 subicienda
469 3536 526 3591 est.

142 3619 143 3622 Ἴ
168 3633 266 3714 Quod
289 3634 412 3718 primus
425 3633 623 3696 intellexisse
648 3632 782 3697 videtur
806 3631 985 3720 lacobus
1011 3631 1237 3696 Grimmius

62 3761 200 3822 gramm.
224 3740 267 3805 Il.
293 3741 400 3824 p.405
424 3763 471 3825 sq.
520 3739 629 3803 Secuti
654 3738 810 3819 metalli,
836 3739 1019 3824 exquibus
1045 3738 1085 3802 de
1110 3761 1238 3823 compo-

62 3847 129 3910 sitis
153 3847 290 3912 Graecis
327 3848 446 3931 optime
481 3847 613 3910 meritus
647 3855 696 3910 est
721 3845 906 3930 Leopoldus
932 3844 1236 3909 Schroederus

62 3953 95 4015 in
119 3954 211 4037 libre,
237 3955 292 4039 qui
323 3935 511 4018 inscribitur
552 3953 672 4041 ίιιθιιθι
704 3953 757 4016 die
780 3952 925 4016 formelle
949 3951 1237 4034 Unterscheidung

62 4059 120 4122 cler
142 4059 309 4123 Redeteile
344 4061 388 4123 im
413 4059 645 4124 Griechischen
671 4058 740 4122 und
768 4058 1000 4122 Lateinischen
1039 4058 1097 4121 mit
1122 4058 1237 4121 beson-

61 4165 155 4230 dercr
179 4165 501 4250 Berticksichtigung
535 4166 593 4230 der
626 4163 980 4250 Nominalkomposita'
1014 4164 1105 4250 Lips.
1142 4163 1236 4231 1874.

63 4271 282 4337 Schroederus
307 4273 415 4336 omnia
439 4272 617 4356 composita
642 4271 773 4336 Graeca
798 4271 909 4335 divisit
932 4272 980 4336 in:

168 4380 208 4445 A.
234 4379 347 4464 Comp.
373 4380 553 4444 immutata.
577 4379 617 4442 In
642 4378 690 4442 his
716 4379 902 4462 compositis
925 4377 1106 4442 membrum
1133 4385 1237 4461 poste-

62 4486 128 4550 rius
153 4508 246 4554 suam
269 4487 438 4571 propriam
461 4496 614 4550 naturam
637 4494 757 4550 servat.
