3108 5126
69 781 77 794 ,
102 711 265 776 correxit.
276 715 302 790 1)
349 711 390 774 cf.
414 709 552 775 Lucian.
579 685 733 775 'Bionnos
756 712 776 788 ξ
803 707 898 789 112):
922 715 1047 774 τοιαῦτά
1062 733 1110 774 οοι
1124 713 1283 796 περιθήσω

99 825 149 884 ’τὰ
175 825 378 905 γνωρίσματα,
413 817 489 884 fiete
511 829 569 882 τῶν
593 816 728 901 ὁρώντων
751 815 878 890 ἕκαστος
911 821 960 882 τὸν
992 819 1121 904 πλησίον
1156 823 1283 903 κινήσας

102 929 198 1002 δείξει
222 951 255 992 οε
278 938 320 1010 τῷ
343 927 494 1011 δαιιτίιλῳ,
519 920 605 998 οὗτος
629 923 741 996 ἐκεῖνος
765 926 870 1004 λέγων.

217 1031 332 1096 Horat.
358 1028 467 1096 Germ.
503 1027 553 1092 IV
576 1027 652 1096 332:
693 1026 787 1108 Quod
820 1037 981 1092 monstror
1005 1027 1106 1111 digito
1139 1036 1282 1113 praeter-

100 1137 256 1201 euntium
279 1136 444 1200 Romanae
473 1134 593 1198 fidicen
616 1133 718 1222 lyrae.

328 1243 379 1324 13)
403 1245 656 1331 δημηλαιος
681 1243 742 1326 (x).
766 1239 800 1304 S.
824 1241 899 1306 6⁶22.

219 1351 326 1437 ἄειρον
363 1353 415 1416 σὺν
449 1361 529 1438 pom
562 1352 739 1438 δημηλάτῳ.
787 1352 963 1438 δημηλατος
1003 1357 1051 1412 est
1085 1349 1101 1414 ὁ
1131 1349 1191 1415 ἀπὸ
1227 1359 1278 1414 τοῦ

96 1461 206 1545 δήμου
230 1457 359 1533 ἐλαδείς
381 1453 508 1541 (steph.
532 1454 627 1542 Byz.)
1263 1474 1268 1482 ¹

216 1560 344 1648 Optime
368 1559 525 1626 sehabet
550 1559 755 1646 pleonasmus
779 1561 812 1624 in
837 1569 916 1651 ροηὴ
940 1565 1127 1650 δημηλατος.
1227 1610 1229 1620 ,

323 1668 376 1749 14)
401 1671 694 1758 (δημόκραντος
718 1667 779 1755 (1))
804 1669 844 1734 Α.
868 1669 944 1734 464.

215 1774 309 1838 Libri
333 1775 525 1865 δημόκραιος
550 1773 717 1857 praebent,
742 1774 829 1858 quod
854 1771 1017 1838 Personus
1041 1773 1194 1838 correxit.
1270 1807 1272 1812 ·

216 1883 257 1948 A.
283 1881 348 1945 464
372 1883 450 1968 ἀρᾶς
474 1885 693 1970 δημοκράντου.
733 1879 833 1946 schol.
857 1885 1006 1970 δημοσίας
1030 1883 1118 1967 ἀράς.
1304 1863 1314 1897 “’

213 1991 286 2075 ἀραί
309 1993 454 2078 δημόσιαι
478 1987 564 2052 etin
588 1987 710 2051 bonam
735 1996 766 2050 et
788 1987 821 2050 in
845 1987 963 2052 malam
993 1998 1119 2072 partem
1144 1987 1277 2051 fiebant.

105 2095 232 2160 Prioris
255 2095 385 2178 generis
413 2093 598 2180 exemplum
634 2093 722 2179 apud
747 2093 947 2158 Herodotum
982 2093 1044 2180 (VI
1068 2095 1137 2161 634
1161 2093 1212 2158 ed.
1239 2093 1275 2158 O.

100 2201 265 2287 Mueller.)
290 2209 406 2266 exstat.
440 2201 584 2266 Alterius
608 2200 738 2284 generis
767 2199 918 2286 exempla
951 2210 1026 2264 sunt
1049 2199 1217 2272 Demosth‚
1243 2223 1274 2285 p.

94 2309 208 2388 270³)
232 2317 264 2371 et
286 2330 318 2392 p.
343 2309 416 2373 363.
429 2313 455 2389 4)

320 2415 374 2496 15)
399 2417 696 2503 δημόπρακτος
721 2419 771 2496 (Χ)
796 2414 827 2480 S.
852 2415 927 2480 953.

320 2522 373 2606 16)
397 2524 615 2596 διόσδοτος
638 2523 679 2587 Α.
708 2522 800 2587 1390.
825 2519 863 2586 Ε.
888 2521 963 2586 629.

215 2627 267 2691 De
290 2626 409 2712 prioris
438 2625 575 2690 membri
607 2636 724 2692 natura
747 2633 834 2690 reete
858 2626 937 2691 mihi
959 2626 1122 2692 iudicasse
1146 2626 1276 2690 videtur

100 2731 292 2818 Neckelius,
309 2732 364 2817 qui
381 2732 414 2796 in
431 2731 657 2813 dissertatione
670 2732 854 2817 inaugurali
873 2733 924 2819 ‘de
936 2733 1120 2797 nominibus
1137 2733 1274 2798 Graecis

92 2839 302 2924 compositis,
335 2861 472 2924 quornm
495 2840 584 2924 prior
607 2861 684 2924 pars
709 2861 842 2904 casuum
865 2841 986 2905 formas
1010 2840 1158 2926 praebet'
1183 2839 1273 2925 Lips.

102 2945 191 3012 1882
223 2969 256 3031 p.
299 2946 334 3009 ll
368 2944 444 3011 adn.
481 2946 675 3030 suspicatur,
709 2951 792 3014 διοο-
823 2957 928 3011 ortum
961 2969 1031 3012 esse
1063 2970 1106 3011 ex
1139 2946 1273 3011 ablativi

98 3054 212 3117 forma
233 3056 304 3120 διοι.

321 3159 375 3238 17)
399 3162 626 3245 δοροπαλιος
650 3161 703 3242 (x)
725 3160 756 3223 A
783 3161 854 3226 119.
901 3168 993 3248 χερὸς
1018 3161 1053 3229 ἐκ
1076 3165 1274 3247 δοροπάλτοο.

213 3263 352 3329 Omnino
377 3287 442 3328 non
465 3264 628 3348 intellego,
654 3287 711 3330 cur
734 3266 916 3347 Turnebus
949 3287 1044 3352 quem
1069 3289 1179 3332 omnes
1207 3265 1272 3331 edi-

99 3381 190 3434 tores
214 3371 316 3435 secuti
339 3381 423 3456 sunt,
456 3370 596 3436 Medicei
619 3372 814 3457 scripturam
844 3374 999 3458 optimam
1023 3378 1227 3462 δορὺπαλτος
1250 3375 1271 3439 i.

94 3499 125 3543 e.
164 3483 290 3545 πάλλων
324 3485 359 3544 τὸ
392 3482 464 3565 δόρο
502 3479 550 3557 (ut
580 3483 757 3566 δοροοοόος)
790 3481 825 3544 in
856 3483 1050 3567 δορίπαλτος
1088 3482 1270 3547 mutaverit.

96 3584 205 3648 Immo
229 3583 379 3669 equidem
413 3588 604 3671 δορίπαλτος,
639 3586 666 3650 si
697 3585 853 3652 traditum
886 3596 980 3670 esset,
1015 3589 1048 3652 in
1078 3592 1271 3675 δορὺπαλτος

91 3692 302 3773 mutarem)

209 3835 229 3898 ι)
248 3834 308 3886 vid.
329 3848 394 3902 sup.
414 3850 441 3902 p.
462 3833 505 3886 21.

208 3923 229 3984 2)
250 3921 263 3973 Ι
282 3924 298 3974 8
317 3921 364 3975 ed.
384 3921 529 3975 Jacobitz.

208 4009 228 4073 8)
247 4008 360 4077 περὶτοῦ
379 4009 497 4078 στεφάναι
516 4014 531 4072 5
552 4010 603 4064 130
622 4011 669 4064 ed.
688 4011 798 4066 Baiter.
819 4011 1021 4082 Sanppianae.

206 4097 227 4162 4)
245 4096 299 4166 περὶ
317 4103 363 4166 τῆς
381 4096 579 4168 παραπρεσβείας
598 4104 613 4164 ἓ
632 4100 675 4153 10.
695 4100 737 4154 ll.

208 4185 229 4250 5)
250 4183 336 4248 Quod
355 4185 526 4241 Lobeckius
553 4187 592 4241 ad
611 4190 657 4242 Αἱ.
677 4204 705 4256 p.
725 4189 777 4242 133
797 4190 843 4243 ed.
863 4190 907 4244 III
937 4191 1007 4245 dicit
1036 4192 1159 4260 „Itaque
1180 4195 1268 4246 etiam

80 4269 246 4343 Ιδορίιιαλιος
266 4273 348 4342 apud
361 4275 544 4343 Aeschylum
559 4276 662 4331 dubito
682 4294 721 4330 an
741 4280 804 4332 sine
823 4279 932 4332 idonea
945 4282 1061 4334 ratione
1075 4282 1105 4334 in
1119 4279 1270 4350 δορίπαλτος

89 4365 290 4418 mutatum
318 4361 436 4429 fuerit“,
465 4363 507 4418 ita
535 4369 653 4418 tantum
682 4367 834 4434 explicare
863 4384 993 4436 possum,
1025 4375 1059 4423 ut
1083 4369 1268 4424 Lobeckium

83 4455 245 4506 bonorum
264 4450 406 4504 librorum
428 4454 607 4520 scripturam
622 4457 741 4508 omnino
760 4471 821 4510 non
841 4459 964 4511 scivisse
983 4474 1131 4513 censeam.
1151 4458 1269 4514 Scilicet

84 4539 264 4596 Hermanni
292 4539 383 4592 editio
411 4539 587 4610 Aeschylee'
606 4559 685 4597 anno
711 4543 781 4599 1852
807 4547 888 4600 faeta
915 4552 967 4610 est,
995 4547 1139 4602 Loheckii
1168 4547 1269 4603 Aiacis

78 4627 188 4685 ¹editio
209 4626 302 4681 altera
322 4629 360 4681 ab
380 4629 445 4698 ipso
467 4637 573 4684 curata
593 4649 618 4684 a.
640 4633 717 4686 1835.
